2640 4800
130 384 152 448 8
359 372 505 443 FRIDL
529 370 649 440 ERN.
675 371 980 442 RUHKOPFIl

47 561 50 565 -
129 523 261 596 dedisse,
279 520 482 601 eruditumque
496 517 647 600 pulverem
666 527 695 576 et
711 515 825 578 radium
839 538 904 578 raro
923 522 1080 595 measse,
1095 522 1154 602 jam
1170 542 1208 582 ex

129 616 305 690 educatione*
317 640 403 709 atque
418 625 596 686 instinctione
613 623 816 706 plerorumque
832 624 1016 687 manifestum
1031 627 1084 701 fit,
1098 629 1208 711 qnippe

126 758 214 816 quam
235 734 273 796 ad
296 733 498 818 agriculturam
519 731 644 793 maxime
665 741 695 790 et
709 729 841 790 milidam
863 744 1007 812 spectasse
1029 733 1203 813 acecpimus.

127 843 196 925 Ipse
218 841 291 901 adeo
313 840 434 908 Cicero,
458 850 491 898 ut
513 837 589 911 alia,
609 849 746 916 tanquam
761 837 792 895 in
808 856 841 896 re
856 848 943 913 nota,
959 861 1037 899 nunc
1050 841 1203 914 omittam,

124 947 319 1009 testimoniam
334 944 440 1005 dahac
458 964 491 1004 re
505 943 573 1003 satis
587 941 765 1002 luculentum
781 941 906 1022 reliquit.
925 969 940 997 a
954 943 989 1004 ln
1003 964 1115 1005 summo
1124 947 1204 1028 apud

124 1055 189 1115 illos
200 1049 487 1134 (Graecos)honore,
500 1051 541 1110 ait
558 1046 645 1111 Tuae.
660 1048 694 1122 l,
708 1068 726 1108 2
739 1091 748 1122 ,
760 1051 917 1131 geometria
930 1049 987 1111 suit
1002 1074 1011 1111 a
1025 1052 1121 1133 itaque
1131 1053 1205 1114 nihil

125 1160 332 1233 mathematicis
351 1158 499 1221 illustrius.
525 1157 564 1217 At
584 1178 636 1216 nos
658 1155 797 1231 metiendi
813 1156 1060 1240 ratiocinandique
1081 1159 1204 1221 utilitate

120 1265 207 1348 hujus
220 1267 288 1327 artis
302 1266 517 1338 terminavimus
533 1263 662 1324 modum.
681 1289 696 1316 a
721 1261 813 1323 Aliter
826 1263 915 1347 igitur
937 1264 1085 1326 Aristoteli
1109 1288 1204 1349 egen-

124 1374 194 1435 dum
209 1373 285 1446 hait,
301 1371 421 1455 physica
443 1370 643 1453 componendo
662 1368 789 1443 Graecis,
811 1370 894 1431 aliter
910 1371 1050 1445 senece,
1066 1371 1203 1433 Romanis

124 1479 294 1552 scribendis,
316 1480 363 1553 cui
378 1477 501 1559 proinde
518 1476 782 1551 mathematicarum
794 1477 999 1557 probationum
1014 1479 1130 1545 omissio
1140 1481 1203 1540 mi-

123 1588 202 1661 nime
215 1587 285 1646 vitio
297 1586 370 1647 verti
383 1597 487 1667 potest.

161 1693 219 1754 Sed
242 1693 280 1753 ab
302 1693 355 1752 hoc
376 1692 471 1751 studio
495 1691 682 1772 popularibus
702 1693 881 1773 potissimam
903 1693 961 1752 suis
983 1713 1034 1754 saa
1059 1693 1203 1775 probandi

121 1800 345 1883 haudquaquam
358 1799 485 1869 alienum
503 1796 578 1869 suit,
599 1796 677 1878 quod
691 1810 862 1872 auctorum,
878 1818 1002 1878 quorum
1015 1798 1093 1872 lide,
1110 1821 1203 1881 expe-

121 1908 252 1985 rimentis
267 1918 296 1977 et
310 1904 480 1979 tesn‘moniis
496 1915 636 1976 uteretur,
649 1905 800 1987 opiniones
812 1903 932 1989 locaque
947 1906 1010 1985 ipsa
1023 1906 1158 1978 afferret,
1172 1918 1203 1967 et

120 2017 156 2079 iis
166 2017 213 2076 vel
224 2013 379 2097 probandis
389 2057 398 2088 ,
410 2011 458 2086 vel
466 2010 627 2085 refutandis
642 2013 854 2087 immoraretur,
869 2010 914 2072 Ita
927 2014 1005 2072 enim
1015 2012 1122 2081 sactum
1135 2026 1200 2088 est,

121 2135 154 2182 ut
169 2122 253 2182 dictis
275 2122 335 2189 suis
349 2119 437 2193 iidem
459 2118 625 2192 conciliaret
646 2117 724 2200 apud
746 2120 866 2179 lectores
889 2139 975 2192 spos,
993 2131 1020 2178 et
1041 2118 1203 2193 doctrinam

121 2249 202 2297 suam
217 2229 326 2288 nemini
343 2226 492 2286 molestam
507 2226 626 2286 uberius
646 2236 675 2284 et
688 2224 862 2286 luculentius
878 2225 1090 2299 testificaretur,
1103 2247 1203 2307 quan-

122 2335 278 2417 doquidem
291 2335 389 2401 aralius
411 2332 491 2407 fere,
506 2333 587 2415 quod
603 2333 748 2406 sciamus,
772 2332 898 2414 scriptor,
910 2345 1071 2408 memorata
1087 2331 1202 2415 dignior

121 2442 296 2521 antiquitatis
312 2440 366 2500 hae
381 2441 412 2499 in
426 2434 580 2522 disciplina
592 2439 746 2512 inclaruit,
762 2441 834 2520 quin
847 2438 962 2500 Senecae
978 2452 1062 2500 notus
1077 2452 1106 2509 ct
1116 2440 1153 2510 ab
1166 2461 1201 2518 eo

118 2550 150 2608 in
160 2560 255 2630 partes
265 2569 330 2607 snas
342 2558 448 2607 tractrrs
459 2549 507 2606 sit.
520 2545 648 2606 Thaletis
660 2547 738 2623 enim
750 2546 865 2606 inventa
873 2568 933 2606 una
943 2568 1009 2607 cum
1019 2546 1099 2611 libris
1111 2545 1205 2624 disci-p

120 2654 255 2736 pulcram
278 2665 307 2729 et
329 2675 546 2725 successorum,
564 2653 614 2733 qui
633 2653 682 2719 illa
697 2655 840 2714 memoriae
860 2652 1069 2735 prodiderunt,
1091 2655 1200 2736 quippe

120 2783 207 2844 quern
223 2763 318 2842 ipsum
338 2760 411 2838 nihil
432 2760 579 2841 scripsisse
593 2771 724 2832 canstat,
738 2770 801 2819 tum
819 2757 1080 2842 Pythagoreorum,
1099 2759 1201 2819 Hera-

121 2867 203 2941 cliti,
219 2868 397 2940 Democriti,
412 2866 571 2933 Aristotelis
585 2910 594 2939 ,
608 2866 770 2932 Stoicorum
782 2909 791 2938 ,
803 2862 1033 2947 Epicureorum,
1048 2879 1103 2926 etc.
1121 2866 1199 2948 dog-

123 2985 198 3042 mata
213 2972 295 3044 libris
321 2984 488 3030 conservata
502 2982 562 3031 tam
578 2972 697 3031 solerter
716 2949 840 3053 perlegit
860 2984 945 3052 atque
973 2969 1103 3033 exhibuit
1114 2979 1127 3045 ,'
1144 2984 1197 3044 ut,

122 3080 252 3162 quamvis
268 3079 430 3138 uberiorem
446 3099 482 3137 ex
496 3078 531 3136 iis
546 3079 692 3157 epitomen
703 3078 785 3136 nobis
800 3077 972 3158 reliquisset,
987 3090 1136 3159 optamus,
1147 3092 1198 3139 ta-

121 3210 189 3248 men
205 3199 235 3253 ct
248 3184 368 3261 consilio
381 3206 433 3243 suo
448 3196 477 3244 et
493 3184 649 3265 equalibus
665 3185 724 3243 suis
735 3183 903 3243 satisfecisse
913 3185 1004 3246 videri
1020 3184 1134 3245 debeat.
1151 3185 1198 3247 De

120 3295 221 3368 Stoicis
231 3294 371 3375 imprimis
384 3313 469 3353 nemo
484 3291 602 3372 quidem
617 3292 809 3366 dubitaverit,
824 3295 875 3373 qui
888 3306 1016 3359 nostrum
1031 3293 1117 3354 luisse
1127 3296 1201 3354 sciat

121 3415 150 3462 et
162 3404 257 3483 ipsum
271 3398 398 3469 Stoicum
411 3397 604 3479 eumdemque
615 3399 810 3468 acutissimum
820 3410 906 3481 atquc
918 3399 1131 3474 doctissimam,
1147 3401 1199 3461 scd

121 3533 179 3570 non
193 3523 252 3571 tam
272 3508 413 3571 serviliter
430 3506 497 3567 braic
511 3518 592 3566 sectae
606 3506 773 3583 addietum,
791 3519 823 3566 ut
837 3508 868 3567 in
882 3510 977 3575 omnia
998 3508 1198 3590 magistrorum

119 3617 206 3677 verba
216 3615 372 3697 jurandum
384 3615 440 3675 sibi
457 3635 519 3674 esse
534 3625 659 3695 pataret.
679 3612 776 3688 Quum
790 3627 954 3675 caeterorum
971 3614 1043 3682 Stoa
1059 3627 1196 3681 statorum

119 3726 149 3783 in
161 3724 214 3784 hac
229 3724 360 3794 doctrina
375 3722 547 3804 expolienda
557 3734 587 3781 ct
598 3721 768 3804 explicanda
781 3723 883 3782 studiis
893 3724 1196 3806 observationibusque

118 3831 261 3890 memoriae
277 3829 396 3911 proditis
413 3849 481 3889 usus
495 3829 564 3903 ast,
582 3841 643 3888 tum
658 3849 726 3889 vero
739 3831 864 3906 maxime
878 3830 1085 3910 posteriorum,
1110 3829 1197 3891 Posi-

117 3939 217 4011 donii,
237 3949 292 3997 etc.
309 3948 450 4017 praecepta
472 3957 546 4017 saepe
562 3936 593 3993 in
608 3935 749 4007 auxilium
766 3934 899 4007 vocavit,
915 3936 1024 4016 quippe
1044 3957 1116 4016 quos
1136 3958 1195 3996 non

116 4069 133 4104 a
148 4045 207 4106 sola
226 4044 365 4104 Heracliti
389 4044 599 4125 preceptione,
618 4039 704 4100 modo
723 4039 795 4102 State
813 4051 979 4112 auctorum,
997 4041 1192 4123 pependisse,

114 4151 166 4212 scd
184 4165 243 4212 tuna
259 4152 391 4235 dogmata
408 4163 492 4230 atque
508 4149 703 4230 experimenta
721 4147 841 4207 aliorum
856 4146 1058 4228 undecumque
1072 4148 1197 4229 collecta¹
