2640 4800
117 387 140 473 r
345 379 484 450 rain.
513 377 632 447 aaa.
659 375 971 445 uuuuorru

118 530 286 610 explicatam
299 526 422 595 dabant,
435 545 522 605 quam
534 522 726 603 Peripatetici.
739 519 784 580 Cf.
799 519 913 581 Seneca
925 521 983 604 Ep.
998 545 1128 600 nrxxrx,
1149 525 1196 589 15.

116 635 180 695 Jam
196 656 265 694 vero
279 633 331 691 etsi
346 631 418 690 Stoae
433 640 532 688 auctor
545 641 574 688 et
587 629 650 707 ejus
668 628 792 709 proximi
810 632 1031 692 successorcs‘iu
1048 630 1200 692 condenda

115 754 144 801 ct
162 738 319 800 excolenda
338 738 392 796 hac
411 734 597 817 philosophias
621 747 703 816 parte
726 733 874 794 Heracliti
896 720 1077 816 potissimum
1090 739 1212 798 ratione*

115 849 158 906 uti
176 847 340 905 maluemnt
354 864 441 924 quam
458 841 632 915 Aristotelis,
649 842 730 921 cujus
748 839 878 899 definitio
895 840 932 901 de
946 855 1027 903 motu
1038 843 1199 925 Chrysippo

114 975 173 1013 non
186 952 348 1034 displicuit,
363 951 537 1009 recentiores
550 960 647 1008 tamen
659 947 747 1008 Stoici
758 960 856 1028 postca
867 948 945 1009 illam
957 949 1116 1010 Aristotelis
1127 949 1199 1010 doc-

114 1059 219 1116 trinam
230 1058 321 1139 magis
336 1054 486 1116 advertere
499 1068 528 1114 et
539 1055 569 1113 in
581 1075 666 1113 usum
678 1075 763 1113 suum
776 1055 969 1115 transmittere
979 1055 1058 1116 baud
1072 1046 1198 1117 cunctati

113 1176 191 1223 sunt.
203 1162 261 1223 Sed
271 1161 374 1223 horum
384 1173 570 1221 monumenta
583 1161 851 1242 litterarumque,
865 1162 889 1220 si
900 1161 1019 1242 quidem
1030 1162 1198 1246 fragmentis

115 1293 213 1331 eorum
235 1271 336 1329 merita
357 1270 534 1348 virtutesque
554 1267 648 1326 metiri
666 1267 755 1340 licet,
777 1269 893 1350 egregia
908 1267 1043 1344 luerunt,
1061 1273 1197 1352 temporis

113 1376 222 1438 invidia
244 1376 360 1457 latoque
381 1375 505 1435 infausto
526 1375 610 1434 nobis
631 1387 729 1455 crepta
752 1388 839 1449 sunt,
859 1388 939 1437 etex
954 1377 1009 1437 hoc
1024 1380 1103 1438 omni
1117 1381 1199 1439 anti-

114 1486 230 1566 quitatis
254 1483 349 1544 studio
371 1482 497 1565 pbysicae
518 1495 620 1563 practer
641 1482 803 1541 Aristotelis
826 1486 1045 1544 commentarios
1065 1485 1198 1567 physicos

113 1591 186 1651 nihil
202 1591 284 1649 nobis
300 1588 413 1649 fortuna
427 1610 509 1669 acqua
520 1588 716 1659 conservavit,
733 1588 789 1645 nisi
803 1586 969 1649 Lucretium
983 1601 1011 1648 et
1021 1588 1072 1649 has
1085 1589 1198 1650 Senecae

114 1697 263 1757 Naturales
278 1695 479 1768 Quaestioncs,
499 1714 534 1751 ex
550 1690 665 1750 assiduo
680 1692 775 1751 studio
800 1693 1009 1775 multiplicique
1033 1694 1197 1756 Graecorum

113 1815 189 1863 ortas
202 1801 448 1880 compositasque,
460 1819 477 1856 e
489 1819 611 1876 quorum
622 1797 752 1856 doctriua
764 1810 913 1879 tantopere
922 1800 1046 1881 pendet,
1059 1814 1092 1861 nt
1101 1803 1198 1861 nullus

114 1911 193 1970 locus
209 1906 402 1967 memorabilis
423 1906 454 1963 in
475 1903 520 1961 bis
539 1904 743 1984 quaestionibus
758 1917 867 1979 exstet,
885 1909 955 1987 quin
971 1930 1008 1967 ex
1026 1909 1061 1966 iis
1083 1906 1199 1968 fluxerit

114 2016 230 2096 abipso
250 2035 364 2095 semper
386 2013 510 2072 fideliter
531 2012 672 2085 laudatis,
690 2013 846 2073 maximam
868 2027 964 2074 tamen
990 2028 1101 2096 partem
1120 2038 1197 2076 nunc

114 2123 245 2203 perditis.

156 2229 243 2289 Unde
257 2232 382 2310 pretium
398 2251 497 2288 earum
512 2228 590 2289 baud
605 2230 700 2311 exigui
714 2231 850 2290 momenti
867 2232 935 2290 satis
950 2233 1070 2314 intelligi
1085 2245 1195 2313 potest,

116 2337 272 2418 quoniam,
290 2336 398 2416 absque
414 2357 449 2394 eo
465 2334 557 2408 soret,
582 2357 634 2393 nos
658 2337 748 2394 multa
766 2336 812 2395 vel
829 2337 1026 2410 nesciremus,
1051 2339 1098 2397 vel
1119 2337 1197 2398 haud

115 2455 193 2502 recte
208 2443 356 2500 sciremus.
379 2420 510 2501 Alterum
531 2463 630 2499 earum
647 2442 781 2499 meritum
798 2441 876 2501 haud
898 2442 1141 2503 contemnendum
1163 2465 1197 2503 eo

116 2550 288 2621 continetur,
305 2547 384 2629 quod
400 2539 520 2628 physica
536 2549 597 2627 ipsa
615 2568 652 2607 ex
669 2545 772 2606 iisdem
787 2551 990 2629 quaestionibus
1006 2549 1102 2609 bausit
1120 2549 1199 2611 haud

116 2678 208 2740 pauca
220 2658 408 2715 incrementa.
426 2653 543 2713 Etenim
557 2656 659 2713 unicus
676 2653 736 2714 lere
754 2654 817 2714 lons
833 2678 886 2736 per
898 2657 988 2716 multa
1000 2659 1101 2717 saecula
1116 2657 1198 2717 lucre

117 2784 324 2844 mensemque,
342 2761 484 2842 undequi
500 2760 647 2821 derorum
663 2774 764 2821 natura
781 2761 975 2844 philosophari
999 2778 1027 2823 et
1051 2784 1199 2846 exponere

119 2873 317 2942 instituerent,
336 2891 388 2927 sua
404 2868 578 2941 hauserunt,
597 2891 695 2928 ansam
718 2869 863 2951 cogitandi
882 2871 919 2929 de
940 2891 974 2929 ea
995 2883 1151 2950 ceperunt,
1170 2883 1199 2930 ct

118 2981 240 3061 cogitata
255 2999 386 3036 succum
401 2977 464 3034 aliis
476 2979 726 3036 communicarunt
739 2990 800 3036 tum
815 2979 949 3059 privatim
964 2990 993 3037 et
1008 3000 1121 3052 coram,
1136 2991 1197 3037 turn

118 3085 233 3166 publice
247 3095 276 3142 et
289 3083 448 3141 litterarum
464 3084 674 3154 monumentis,
692 3082 783 3141 donec
799 3083 958 3143 Aristotelis
973 3083 1038 3142 libri
1055 3085 1085 3142 in
1104 3083 1200 3143 Euro-

118 3214 185 3273 pam
202 3190 407 3249 occidentalem
419 3189 483 3247 usui
499 3187 614 3268 publico
630 3189 789 3247 transmissi
806 3191 873 3249 sint.
888 3189 944 3264 Qui
958 3201 1054 3249 tamen
1067 3212 1126 3249 non
1141 3191 1200 3248 im-

119 3300 285 3380 pedimento
309 3296 408 3369 suere,
444 3296 597 3376 quominus
625 3296 800 3376 quicumque
826 3295 965 3377 physicen
997 3296 1044 3355 vel
1078 3297 1198 3355 summis

120 3389 217 3487 digitis
238 3406 426 3486 attingerent,
445 3402 559 3463 Senecae
575 3403 757 3493 Naturalibus
769 3402 996 3478 Quaestionibus,
1009 3415 1042 3464 ut
1060 3405 1198 3464 luculen-

119 3514 228 3571 tissimo
239 3512 337 3583 ionte,
353 3532 384 3568 se
399 3532 464 3569 usos
481 3531 543 3569 esse
557 3510 651 3591 palam
666 3510 882 3570 confiterentur.

159 3621 218 3680 Nec
237 3621 388 3679 auctoritas
409 3641 506 3678 earum
524 3620 604 3700 prius
620 3620 711 3677 minui
725 3632 817 3700 coepta
841 3631 901 3693 est,
917 3634 1004 3700 quam
1022 3620 1124 3679 saeculo
1139 3620 1198 3681 de—

119 3729 193 3788 cimo
204 3740 285 3787 serto
296 3724 325 3786 et
335 3749 418 3807 sqq,
433 3739 494 3784 tum
509 3726 730 3806 experimentis,
749 3726 1052 3807 observationibusque
1066 3727 1096 3785 in
1111 3729 1199 3787 auxi-

117 3836 188 3895 lium
202 3837 307 3894 vocatis
324 3847 410 3914 atque
424 3834 572 3914 preceptis
585 3833 830 3914 opinionibusque
845 3834 969 3915 antiquis
984 3834 1110 3894 examini
1125 3836 1198 3893 sub-

115 3944 213 4023 jectis,
225 3956 287 4002 tum
299 3943 493 4001 instrumentis
506 3942 643 4024 egregiis,
658 3941 763 4022 quibus
776 3943 939 4001 etiamnunc
955 3941 1198 4002 emendatioribus

117 4050 235 4121 utimur,
259 4047 417 4108 identidem
433 4049 574 4128 repertis,
590 4048 619 4106 in
638 4048 724 4106 aliam
741 4059 769 4106 ct
784 4070 846 4108 eam
861 4048 951 4108 multo
966 4049 1114 4108 meliorem
1131 4047 1197 4107 sor-

116 4176 191 4216 mam
218 4155 369 4238 disciplina
392 4155 450 4214 baec
476 4154 567 4237 redigi
590 4176 607 4213 a
631 4153 750 4215 Gaiileis
766 4167 795 4214 et
819 4155 999 4217 Toriccllinis
1023 4167 1115 4237 coepta
1143 4157 1193 4216 sit.
