2640 4800
195 451 239 518 36
540 447 587 519 G.
613 445 658 515 D.
683 446 917 519 KOELERI

190 596 244 653 nisi
262 614 313 674 per
334 587 524 669 corruptelam
546 587 599 650 boc
620 602 663 650 est
686 590 803 652 lactum.
829 592 939 653 Rursus
961 618 1023 676 qnae
1038 598 1111 658 clam
1132 599 1267 663 Romanis

189 701 245 760 dici
261 697 419 770 debebant,
437 718 502 756 cum
518 696 629 757 Lucilio
642 711 776 779 poterant
791 704 1013 782 communicari,
1030 718 1155 787 suntque
1175 710 1265 784 talia,

187 806 283 889 qualia
298 802 388 863 multa
403 802 460 861 alia
476 802 511 862 ad
529 825 595 863 eum
610 825 627 862 a
641 803 750 864 Seneca
763 806 868 888 scripta
886 821 951 867 sunt
965 852 974 882 ,
990 831 1053 891 qnae
1066 810 1104 870 ad
1117 832 1183 872 eum
1198 836 1266 874 vere

187 913 292 993 scripta
309 931 371 969 esse
386 930 471 968 nemo
492 909 613 969 dubitat.
632 909 733 992 Neque
748 911 917 994 intelligitur
938 914 1020 989 ideo,
1036 937 1088 977 cnr
1101 939 1160 977 non
1175 931 1205 977 et
1218 919 1264 979 bie

185 1017 259 1079 liber
269 1018 306 1077 ad
316 1038 400 1090 eum,
417 1013 573 1098 etquidem
588 1016 680 1076 solum
691 1060 699 1090 ,
711 1019 837 1098 potuerit
847 1020 970 1101 scriptus
981 1042 1043 1081 esse
1055 1064 1064 1095 ,
1077 1035 1106 1082 et
1119 1026 1264 1105 quomodo

181 1126 312 1198 Seneca,
328 1124 378 1211 qui
391 1142 506 1182 omnem
521 1120 733 1182 simulationem
747 1135 898 1205 tantopere
912 1129 1036 1186 aversari
1051 1148 1113 1187 sese
1127 1129 1264 1210 praedicat

184 1233 220 1294 de
230 1229 390 1311 Tranquill.
403 1226 472 1302 XV,
485 1227 523 1301 5,
540 1240 595 1286 ete.
609 1227 655 1288 hic
671 1250 687 1286 a
702 1229 884 1309 simplicitate
897 1240 949 1291 suta
965 1231 1117 1294 deflectere
1126 1212 1263 1297 nomine·

182 1361 239 1422 que
255 1337 358 1398 Lucilii
373 1336 451 1394 abuti
467 1335 615 1394 ambitiosa
631 1337 756 1395 vanitate
770 1337 905 1398 inductus
921 1340 1067 1414 voluerit,
1087 1353 1116 1399 et
1131 1363 1165 1402 ea
1178 1355 1261 1403 {etate

180 1445 311 1529 quidem,
337 1464 393 1524 qnia
418 1463 502 1514 enm,
528 1445 617 1522 q'uum
640 1443 705 1501 Nat.
732 1441 838 1516 Quaest.
858 1444 1020 1520 conderet,
1037 1445 1125 1506 inisse
1140 1448 1259 1510 credere

172 1565 231 1635 ‘par
252 1563 304 1611 est.

462 1692 535 1754 ‘ono
556 1701 724 1742 rencone
745 1686 961 1745 scnrr'srrrr.

208 1862 314 1928 Fuisse
330 1889 395 1925 enm
409 1866 468 1945 jam
484 1867 661 1946 provectiore
674 1875 774 1935 atate,
789 1865 898 1949 basque
912 1867 977 1929 Nat.
992 1869 1098 1945 Quaest.
1115 1874 1170 1931 nisi
1185 1875 1255 1933 nlti-

172 1993 252 2036 tnnm
268 1976 330 2052 ejus
343 1992 463 2052 operum
477 1982 573 2030 tamen
589 1971 619 2027 in
633 1969 743 2029 ultimis
758 1970 868 2045 luisse,
884 1975 973 2036 multa
989 1988 1056 2034 sunt
1068 1999 1132 2059 quae
1146 1977 1254 2037 saciant

171 2080 319 2143 credibile.
340 2079 400 2140 Sibi
413 2079 519 2137 instare
530 2089 724 2152 senectutem,
738 2079 868 2139 nondum
880 2082 967 2161 igitur
981 2086 1096 2164 proprie
1109 2100 1206 2143 senem
1221 2106 1253 2144 se

171 2211 233 2249 esse
243 2186 358 2248 videtur
373 2185 500 2244 iudicare
516 2185 610 2244 verbis
626 2208 634 2242 a
645 2185 778 2264 premite
791 2196 867 2265 tergo
880 2197 1015 2248 senectus.
1033 2189 1089 2249 Sed
1100 2189 1153 2249 hoe
1164 2192 1251 2249 nimis

169 2318 242 2379 vage
257 2295 364 2354 dictum
385 2315 486 2376 parum
507 2294 602 2371 juvat,
625 2306 715 2373 utque
731 2295 823 2354 multo
836 2294 902 2376 plns
917 2296 994 2377 qnod
1010 2297 1045 2369 l,
1066 2318 1099 2371 1,
1117 2298 1153 2371 3,
1179 2298 1247 2358 coll.

168 2397 248 2477 Vll,
274 2415 306 2486 ¹7
322 2447 331 2476 ,
353 2423 394 2474 2,
418 2422 449 2460 se
470 2400 523 2459 sub
546 2400 665 2481 Augusti
686 2423 834 2460 excessum
853 2416 998 2463 ‘cometam
1018 2404 1124 2465 vidisse
1138 2405 1248 2479 relect,

167 2511 245 2573 uude
260 2522 355 2568 tamen
372 2509 457 2567 etiam
472 2506 544 2566 nibil
559 2509 629 2565 certi
646 2507 682 2565 de
697 2520 778 2566 atate
790 2508 906 2567 Senecae
920 2510 1083 2586 definietur,
1097 2513 1248 2592 qnoniam,

166 2631 235 2700 quot
249 2639 338 2677 annos
354 2629 415 2676 tum
428 2613 577 2684 babuerit,
593 2614 735 2672 incertum
755 2627 815 2687 est,
831 2636 944 2696 unaque
957 2640 1022 2676 cnm
1038 2640 1072 2677 eo
1084 2619 1162 2699 quod
1176 2641 1249 2679 eon-

163 2728 225 2807 jicit
240 2726 353 2808 Lipsius
377 2724 406 2781 in
427 2724 484 2782 vita
508 2719 623 2780 Senecae
644 2731 710 2802 cap.
735 2721 797 2794 ΙΙΙ,
821 2743 885 2780 enm
906 2723 1019 2783 circiter
1040 2734 1181 2785 annorum
1212 2727 1248 2786 15

165 2835 254 2891 aetatis
269 2846 336 2890 turre
352 2829 449 2889 luisse.
474 2827 559 2903 Quod
580 2829 603 2886 si
620 2829 777 2902 sciremus,
795 2851 852 2909 quo
873 2851 948 2888 anno
969 2833 1149 2890 centuriones
1169 2831 1247 2893 Nero

164 2938 338 3019 oblegaverit
349 2935 386 2994 ad
397 2935 489 2994 sontes
501 2933 567 3002 Nili-
576 2934 789 3015 investigandos
804 2959 811 3004 5
824 2934 993 2994 haberemus
1008 2936 1125 3016 quidem
1140 2943 1246 2999 temni-

163 3068 233 3104 num
244 3042 397 3124 quemdam
408 3041 557 3100 certiorem
568 3083 577 3110 ,
588 3061 645 3120 quo
657 3053 786 3120 tempora
800 3054 899 3100 notare
915 3062 1073 3122 possemus.
1086 3043 1140 3118 At,
1153 3068 1245 3127 quum

162 3151 215 3210 lroc
230 3150 336 3209 sactum
351 3169 413 3206 esse
428 3145 575 3227 probabile
591 3146 626 3202 sit
641 3146 808 3204 melioribus
823 3168 855 3205 ac
872 3148 1014 3226 prioribus
1028 3149 1156 3208 nondum
1169 3153 1245 3212 adeo

152 3251 287 3336 'corrupti
303 3255 424 3313 Neronis
446 3252 529 3310 amris
538 3273 546 3321 ;
561 3251 647 3309 etiam
663 3273 696 3309 ea
712 3265 873 3334 temporum
887 3257 995 3314 notatio
1008 3278 1071 3335 qnoe
1092 3256 1159 3316 hine
1184 3259 1244 3318 sre-

159 3376 203 3424 ret
217 3361 398 3422 intervallum
412 3359 549 3439 temporis
571 3359 656 3416 nimis
676 3359 770 3417 adhue
790 3360 931 3442 longum,
947 3384 1004 3441 qno
1021 3365 1107 3422 scribi
1123 3366 1242 3444 potuis-

159 3483 222 3529 sent
231 3467 296 3527 Nat.
313 3466 418 3541 Quaest.
432 3465 627 3522 constitueret.
640 3464 715 3523 lnde
730 3467 889 3547 quaerendae
901 3481 967 3526 sunt
979 3468 1040 3527 aliae
1058 3473 1238 3544 notationes,
1305 3478 1316 3489 ”

157 3599 219 3657 qnae
236 3577 356 3634 seriores
372 3593 461 3630 annos
480 3570 640 3651 designent.
660 3570 767 3631 Earum
783 3576 890 3654 optima
905 3588 991 3654 atque
1005 3598 1063 3633 una
1078 3579 1240 3638 certissima

155 3683 224 3741 mibi
242 3681 354 3741 videtur
367 3679 457 3738 latere
473 3679 503 3735 in
519 3677 579 3750 Vl,
600 3699 610 3735 r
627 3721 635 3749 ,
652 3678 702 3735 nbi
724 3680 848 3762 Virginii
865 3682 931 3739 Rufi
951 3680 1114 3763 Reguliqne
1131 3706 1240 3746 eonsu-

152 3790 228 3848 latns
242 3792 430 3857 memoratur,
447 3785 496 3865 qni
512 3783 615 3843 incidit
630 3785 659 3842 in
672 3808 778 3844 annum
790 3783 851 3855 63,
867 3810 896 3866 p.
913 3787 981 3846 Cbr.
995 3800 1054 3846 nat.
1068 3788 1133 3848 Jam
1146 3813 1238 3871 quum

151 3896 258 3957 Seneca
275 3914 350 3951 anno
366 3889 407 3952 66
419 3904 483 3973 post
497 3869 630 3950 eumdem
643 3904 741 3949 natum
756 3894 814 3951 vita
832 3897 985 3956 excesserit
1001 3918 1008 3951 ε
1027 3898 1157 3976 seqnitur
1169 3922 1237 3959 cnm

140 4005 226 4062 intra
248 4013 304 4059 tres
324 3998 438 4056 ultimos
460 3997 523 4055 vite
548 4019 604 4055 sue
620 4019 710 4055 annos
725 4000 871 4078 scripsisse
886 4022 943 4058 non
960 4014 1051 4060 totum
1066 4002 1120 4062 boc
1137 4029 1234 4086 opus,

150 4108 228 4189 quod
244 4129 302 4165 nno
317 4105 431 4163 assiduo
447 4116 545 4163 tenore
561 4104 649 4169 luisse
664 4105 853 4183 perscriptum
868 4105 980 4165 nullum
994 4108 1023 4165 in
1039 4124 1176 4192 promptu
1192 4127 1235 4172 est

151 4214 264 4272 firmum
280 4223 499 4294 argumentum,
517 4222 549 4268 ut
567 4231 603 4269 cx
619 4209 748 4269 dicendis
763 4211 899 4293 deinceps
920 4215 1089 4293 apparebit,
1106 4219 1157 4278 sed
1174 4242 1235 4300 po-
