2640 4800
108 392 1192 441 Μ
1302 406 1312 417 ·

200 589 410 747 rum.
451 638 626 744 nan.
668 638 1110 763 auuuorrtl

409 953 909 1168 suniario·

211 1116 252 1141 ν

562 1343 749 1369 *Or-

120 1765 287 1871 Saum
300 1810 451 1871 Naturales
465 1812 658 1887 Questioues,
675 1831 748 1893 quas
763 1822 860 1871 nostro
875 1814 1080 1896 qualicumque
1102 1817 1201 1876 studio

119 1928 144 1976 et
158 1918 257 1979 laboro
279 1920 462 2002 recognitas,
479 1931 527 1993 ct,
555 1918 651 2000 quoad
669 1919 732 1979 lieri
746 1930 879 1999 poterat,
906 1921 1046 2002 expolitas
1064 1924 1198 2006 explica-

119 2037 215 2106 tasqne
236 2025 310 2098 tibi,
332 2024 435 2086 Lector
455 2027 615 2100 benevole,
638 2025 804 2099 offerimus,
827 2026 945 2085 unicum
969 2027 1098 2109 Physicae
1120 2032 1199 2114 apud

120 2129 260 2192 Romanos
280 2145 499 2193 mouumentum
514 2133 598 2192 nobis
612 2131 766 2206 relictum,
783 2153 836 2192 nec
850 2155 869 2192 a
882 2155 1028 2216 quoquam
1046 2135 1199 2197 Rornano-

120 2258 178 2297 rum
201 2249 270 2298 ante
290 2238 385 2299 simile
406 2238 477 2320 quid
496 2240 528 2298 in
543 2238 637 2299 lucem
655 2236 766 2307 editum
787 2259 867 2312 esse,
884 2241 949 2319 jure
964 2242 1125 2324 meritoque
1140 2267 1199 2303 au-

121 2343 214 2406 dacter
229 2349 371 2406 affirmare
385 2347 466 2421 licet,
1189 2340 1191 2344 ’

155 2452 229 2512 Nam
249 2455 274 2512 si
294 2452 331 2512 ab
351 2453 387 2512 iis
408 2452 589 2527 discesseris,
607 2465 670 2535 qu‘ae
689 2455 719 2513 in
739 2452 884 2528 Lucretii,
903 2454 1049 2516 Ciceronis
1067 2468 1096 2515 et
1111 2456 1198 2516 Plinii

120 2560 229 2638 majoris
242 2560 379 2641 operibus
392 2560 631 2640 praestantissimis
645 2560 745 2619 relicta
759 2571 843 2633 sunt,
860 2571 896 2619 ne
911 2562 1063 2643 vestigium
1079 2562 1200 2642 quidem

120 2663 347 2747 disquisitionum
362 2666 481 2739 talium,
497 2667 597 2748 quales
613 2644 721 2728 Seneca
736 2667 875 2739 instituit,
892 2666 970 2747 apud
984 2667 1130 2727 Romanos
1145 2691 1199 2730 oc-

120 2775 213 2832 currit.
230 2770 269 2832 Et
282 2773 543 2854 quemadmodum,
559 2788 624 2855 quas·
637 2774 738 2834 Cicero
753 2794 789 2833 ac
802 2773 911 2832 Plinius
927 2775 1019 2852 major
1032 2774 1197 2846 attulerint,

121 2898 151 2936 ea
172 2879 299 2940 breviter
322 2891 352 2938 et
376 2881 519 2961 carptim,
536 2900 590 2939 nec
613 2900 741 2960 unquam
766 2901 800 2938 ao
823 2879 944 2938 consilio
958 2879 1043 2939 allata
1059 2893 1145 2954 sunt,
1167 2895 1201 2942 ut

120 3000 239 3066 systema
256 2986 373 3069 aliquod
389 3001 613 3070 componerent,
630 2990 671 3048 sic
689 2987 855 3063 Lucretius,
872 2990 922 3069 qui
934 2989 964 3047 in
976 2989 1102 3070 aliquam
1115 3011 1199 3049 com-

120 3095 294 3174 parationem
305 3116 371 3155 cum
383 3094 492 3156 Seneca
505 3096 605 3155 venire
615 3096 721 3176 possit,
734 3117 900 3177 quiunquam
912 3117 1024 3156 summa
1034 3119 1101 3156 cum
1111 3095 1198 3155 laude

119 3213 146 3260 ct
160 3202 239 3262 haud
253 3202 359 3284 exiguo
373 3200 469 3261 studio
483 3201 558 3261 hanc
576 3200 758 3282 disciplinam
775 3224 813 3262 ex
827 3200 947 3282 Epicuri
962 3214 1058 3261 mente
1073 3224 1106 3261 ac
1119 3225 1200 3284 praa-

119 3311 207 3392 ceptis
224 3309 376 3390 exposuit,
393 3323 489 3369 tamen
503 3307 564 3368 boec
583 3310 680 3369 omnia
696 3322 757 3370 tum
772 3310 891 3390 poeticis
906 3308 1047 3368 coloribus
1062 3322 1199 3369 exornata

119 3428 201 3498 atque
216 3415 352 3475 distincta
367 3416 487 3490 extulit,
502 3428 564 3476 tum
574 3417 660 3475 unius
675 3413 793 3497 Epicuri
808 3428 932 3497 systema
944 3415 1091 3475 evolutum
1102 3413 1198 3488 dedit,

119 3544 169 3582 nec
183 3523 215 3583 id
229 3524 306 3606 egit,
325 3535 357 3582 ut
372 3544 435 3603 quae
449 3529 549 3583 curam
563 3535 648 3604 atque
662 3522 821 3583 doctrinam
833 3521 1023 3604 multiplicem
1033 3522 1121 3581 nullis
1142 3544 1203 3581 non

119 3631 281 3690 auctoribus
308 3652 341 3689 ac
364 3631 484 3690 testibus
508 3631 661 3691 subnixam
678 3629 893 3711 expolitumque
914 3629 1059 3711 prodant,
1082 3650 1203 3710 operose

120 3738 285 3821 colligeret,
311 3749 339 3797 ct
364 3760 430 3798 cum
449 3737 558 3818 judicio
583 3751 682 3799 exacto
706 3738 852 3821 subigeret
870 3739 1114 3819 examinaretque.
1139 3738 1201 3796 Nec

120 3855 219 3923 praetcr
231 3841 285 3902 bos
299 3844 452 3926 scriptores
468 3844 599 3903 invenire
615 3843 700 3915 licet,
718 3842 767 3924 qui
783 3841 930 3902 derorum
951 3855 1054 3902 natura
1075 3842 1158 3902 docte
1175 3850 1205 3899 et

121 3950 261 4011 subtiliter
275 3952 372 4011 omnia
388 3952 604 4034 exposuissent,
620 3949 783 4031 quibusque
798 3950 907 4012 Seneca
920 3971 989 4009 usus
1005 3948 1115 4009 suisset.
1130 3947 1204 4006 Nam

122 4056 170 4116 ubi
186 4081 203 4119 a
220 4058 313 4119 Plinio
326 4061 454 4139 majore,
472 4059 509 4119 ad
523 4059 575 4118 lib.
594 4058 624 4117 Il
636 4058 703 4119 Nat.
721 4058 813 4132 Hist,
831 4070 961 4118 auctores
977 4056 1133 4116 laudantur
1147 4054 1207 4112 do-

121 4165 229 4225 mestici
251 4165 386 4246 (nostro,
405 4166 503 4228 nescio
525 4187 582 4247 quo
603 4165 681 4242 fato,
702 4164 810 4229 Seneca
831 4161 974 4245 omisso),
994 4185 1010 4221 e
1027 4162 1132 4243 quibus
1155 4180 1208 4219 sua

267 4276 310 4345 V.
912 4295 1035 4340 ,ι
