2640 4800
62 104 70 481 2
271 354 275 361 ,

10 374 21 533 I
63 490 67 503 ,
416 382 775 505 ’2222222222
1089 396 1131 484 aa

61 512 321 837 &colendas
337 567 386 615 aut
400 555 543 616 ornandas
558 553 606 625 II,
623 575 633 614 2
649 597 658 628 ,
675 554 741 628 ΙΙΙ,
759 575 815 640 19,
836 574 847 613 1
864 579 870 624 ;
886 555 936 615 ubi
947 554 1082 618 Beroeam
1095 574 1146 618 noi

93 666 103 683 ⁰
123 679 155 727 at
175 678 207 725 et
226 661 374 745 AEgyptios
395 660 459 736 III,
483 660 538 740 24,
557 661 594 720 cI.
615 660 669 735 IV,
687 681 728 733 a;
749 661 813 735 VI,
830 658 867 735 8,
890 662 926 733 3;
945 660 1029 735 VII,
1048 662 1089 736 3,
1112 683 1142 723 2.

111 772 120 787 '
150 786 220 831 veto
233 769 372 848 injurium
387 781 480 842 esset,
496 768 651 841 Senecam,
667 767 783 828 doctum
795 767 900 828 Iactum
914 769 1145 850 compilatorem,

71 840 150 1261 ξι
164 898 217 937 sna
230 874 417 950 defraudare,
435 897 491 956 qna
506 874 633 956 profecto
645 876 760 956 propria
774 897 832 934 non
843 888 936 935 caret:
949 875 1038 935 multa
1050 874 1145 949 enim,

143 981 237 1044 iubis
253 983 456 1064 quaestiouibus
474 981 651 1041 naturalibus
668 995 840 1057 occurrunt,
859 983 885 1040 ei
900 983 952 1041 soli
969 994 1002 1041 ut
1015 983 1145 1057 videtur,

144 1090 184 1151 ab
206 1089 271 1151 aliis
294 1089 415 1164 edocto,
443 1088 594 1161 debentur,
619 1102 651 1148 ut
665 1088 847 1148 manifestum
870 1089 901 1148 lit
925 1090 1013 1162 cxl,
1036 1086 1087 1166 24,
1105 1088 1146 1161 5,

80 1232 83 1239 ·
107 1192 171 1273 ,6,
190 1196 231 1270 3,
248 1216 307 1271 22,
334 1174 438 1269 1;'51‚
460 1215 475 1289 2
494 1220 501 1265 ,
518 1197 568 1279 52,
591 1217 616 1256 2.
641 1198 685 1256 Ne
700 1197 849 1256 sententiis
868 1195 985 1276 quidem
1006 1217 1144 1269 suorum,

10 998 40 1131 b

66 1314 88 1366 i.
114 1325 142 1365 e.
165 1305 326 1366 Stoicorum
347 1304 489 1363 obnoxius
505 1317 562 1376 est,
577 1316 676 1386 utpote
692 1325 765 1385 qnos
779 1302 923 1362 interdtun
939 1302 1146 1385 reprehendit,

66 1424 100 1473 ut
115 1409 171 1486 lv,
185 1408 224 1484 5,
247 1411 422 1493 r;graviter
434 1409 508 1469 adeo
524 1410 577 1483 IV,
593 1405 633 1482 6,
655 1430 665 1469 2
684 1409 786 1480 ;VII,
809 1429 866 1482 22,
883 1430 910 1468 2.
924 1409 1017 1469 Ncmo
1032 1410 1149 1492 negabit

66 1518 206 1579 Senecam
222 1516 368 1576 interdum
383 1515 517 1597 praeeIare
532 1514 568 1575 de
585 1513 631 1573 bis
648 1514 734 1574 rebus
748 1536 784 1574 ex
802 1536 854 1573 sua
867 1528 964 1574 mente
981 1516 1146 1596 disputare,

66 1637 101 1684 ut
114 1624 193 1699 Vll,
211 1644 323 1707 22·27,
337 1645 401 1705 quae
414 1622 533 1683 sortasse
549 1624 679 1683 omnium
699 1620 784 1701 hujus
800 1623 915 1705 generis
933 1624 1042 1703 optima
1061 1636 1146 1696 sunt,

65 1729 147 1812 quod
162 1730 310 1792 neminem
330 1731 436 1790 mirum
457 1729 574 1790 babebit
590 1730 620 1788 in
640 1729 688 1788 tali
702 1727 891 1811 philosopho,
913 1728 1064 1802 omnibus,
1087 1739 1149 1808 quat

64 1839 187 1912 scribit,
202 1837 361 1920 probante,
379 1857 412 1896 se
430 1837 553 1898 liberum
573 1835 724 1910 incedere,
743 1857 853 1916 suoque
873 1858 928 1895 usu
944 1848 1030 1916 atque
1042 1833 1151 1914 judicio

66 1944 142 2014 frui,
161 1942 479 2024 cujusindiciosuntl,
500 1964 510 2001 2
529 1986 538 2016 ,
557 1943 597 2013 3,
614 1939 833 2019 2,1;11,48,
852 1939 1149 2017 1;111,;26,6;v,

72 2071 128 2131 22,
144 2045 184 2127 4,
198 2048 263 2123 Vl,
285 2071 317 2122 1,
339 2068 446 2123 2,22,
463 2069 493 2108 2.
511 2048 660 2129 Nusquam
675 2062 812 2107 tamense
829 2049 1053 2130 praestantiorem
1066 2048 1151 2108 exhi·
1215 2077 1218 2080 ·

67 2155 139 2229 bet,
155 2176 242 2236 quam
264 2155 295 2214 in
318 2153 574 2215 declamationibus
596 2154 770 2228 moralibus,
794 2155 844 2213 ubi
866 2177 898 2213 se
920 2153 1049 2214 habitare
1069 2156 1152 2234 quasi

67 2261 188 2335 Iectori,
210 2282 297 2343 quem
317 2273 396 2320 tenet
418 2282 451 2319 22
473 2259 602 2334 detinet,
631 2260 794 2341 persuadet.
821 2263 916 2341 Atque
938 2261 1061 2322 habebat
1082 2263 1155 2346 sane¹

68 2367 270 2449 Ruhkopfius,
283 2388 335 2425 cur
345 2366 422 2439 VII,
439 2366 474 2425 31
494 2364 548 2424 boc
563 2366 680 2425 nomine
694 2365 839 2440 laudaret,
856 2367 902 2425 cui
918 2368 973 2425 nisi
988 2390 1151 2448 praeponam

68 2472 131 2545 VI,
149 2473 207 2545 32,
223 2471 324 2532 saltem
339 2471 531 2554 aeqniparabo.
549 2471 657 2554 Magno
668 2473 756 2553 igitur
768 2473 833 2550 jure
843 2473 951 2532 Seneca
964 2496 981 2532 a
995 2475 1153 2535 Columella

70 2576 109 2635 de
123 2577 161 2636 R.
180 2600 205 2636 r.
224 2577 288 2650 ΙΙΙ,
306 2577 344 2652 3,
363 2580 405 2637 ori·
417 2578 581 2637 excellentes
600 2578 707 2653 ingemi
718 2588 801 2658 atque
818 2577 953 2637 doctrina
968 2579 1129 2659 appellatur
1144 2606 1152 2648 ;

70 2705 88 2741 a
97 2681 198 2741 Tacito
209 2683 360 2744 multarum
374 2705 465 2743 renam
475 2683 650 2762 expen'enau
664 2684 803 2758 cogaz'tras,
819 2683 922 2740 AnnaI.
936 2682 1029 2757 XIII,
1043 2705 1061 2743 2
1073 2697 1102 2743 et
1113 2683 1151 2755 6,

70 2788 227 2870 :aperuique
247 2789 374 2860 22222ιί,
391 2790 498 2867 majore
521 2811 536 2847 a
561 2787 656 2846 Dione
683 2787 779 2845 Cassio
802 2786 891 2859 LIX,
914 2809 969 2870 19,
993 2809 1089 2849 omnes
1108 2793 1157 2850 sui

72 2895 126 2953 22νί
144 2891 291 2954 Romanos
305 2896 446 2973 sapientia
469 2896 589 2954 aaoebse
611 2915 788 2974 summusque
812 2871 885 2952 inter
905 2915 951 2953 cos
968 2895 1152 2976 plu'losopbua

64 2997 179 3077 suriam
203 3023 220 3059 a
245 2996 399 3059 Laurentio
424 3000 504 3081 Lydo
528 3001 565 3059 de
587 3001 681 3059 Mens.
706 3023 772 3082 pag.
794 3001 847 3073 13,
864 3013 892 3060 ct
910 3003 1018 3081 majore
1033 3004 1151 3085 quidem

72 3128 160 3185 (22222
176 3129 193 3166 2
208 3107 346 3166 Caussino
356 3105 440 3187 Eloq.
459 3107 523 3180 III,
545 3106 580 3185 24
592 3152 600 3181 ,
614 3129 713 3187 parem
728 3109 838 3186 tagenio
849 3107 981 3168 habuisse
995 3113 1132 3171 neminem
1140 3135 1153 3184 ,·

74 3225 123 3271 aut
136 3236 154 3273 a
168 3211 315 3273 Lactantio
338 3214 431 3273 Instit.
457 3215 491 3288 I,
510 3213 548 3287 5,
571 3237 588 3273 a
611 3237 668 3295 quo
693 3217 845 3275 acem'aws
855 3214 951 3294 fuisse
969 3217 1154 3298 philosophas

75 3319 189 3392 dicitur,
208 3322 334 3380 maximo
356 3335 451 3381 tamen
473 3323 589 3381 morulis
607 3344 624 3378 a
639 3321 768 3401 Gyraldo
784 3322 851 3381 dial.
871 3322 965 3396 VIII,
981 3346 1048 3406 pag.
1067 3323 1150 3397 526,

76 3439 104 3484 et
117 3447 242 3487 romam
248 3427 443 3517 philosophae
455 3429 535 3487 Siren
553 3451 569 3486 a
585 3427 713 3486 Pontano
730 3428 766 3487 ad
781 3429 910 3488 Macrob.
933 3430 1048 3491 Satura.
1066 3432 1127 3492 VII
1140 3477 1149 3506 ,

81 3533 131 3606 23,
146 3534 374 3616 cognominatur.

218 3764 419 3821 astruerem
441 3782 573 3833 causa,
598 3784 702 3821 22222
724 3783 767 3821 ar
789 3783 994 3824 2222222222.

118 3920 234 3992 Cama,
250 3944 312 4002 quae
324 3923 438 3983 Senecae
452 3923 578 3981 animum
594 3922 630 3981 ad
645 3923 789 3981 naturales
805 3925 974 4002 questiones
988 3922 1153 3982 scribendas

79 4028 263 4108 appulerunt,
281 4041 436 4114 potuerunt
452 4051 513 4090 esse
529 4032 626 4110 plures
645 4042 705 4089 tum
728 4032 757 4088 in
772 4051 804 4090 re
822 4031 903 4111 ipsa,
928 4043 988 4089 tum
1005 4033 1035 4089 in
1058 4031 1153 4089 animo

79 4134 188 4195 Senccae
203 4147 407 4217 temporeque,
431 4158 488 4216 quo
514 4137 665 4196 scribebat.
690 4137 747 4196 Res
764 4137 826 4214 ipsa
846 4158 913 4194 sane
937 4136 1027 4195 multa
1048 4135 1154 4195 habere

172 4248 216 4315 V.
984 4245 1002 4309 3
