2640 4800
164 385 207 450 28
512 377 558 451 G.
584 380 629 447 D.
654 377 889 449 KOELERI

160 519 344 582 immutabilis
355 518 464 604 „quod
478 544 536 581 non
553 523 747 606 extinguatur,
765 521 820 583 sed
836 521 976 596 excedat,
997 523 1076 606 qnod
1089 525 1167 585 varia
1183 527 1237 585 iti-

160 649 229 688 nera
242 631 332 712 possit
344 628 451 688 habere
460 638 571 688 cometa
581 623 687 689 XXIII
697 672 706 704 ,
718 629 797 712 quod
805 629 896 713 magis
904 629 1237 713 deceatmagnitudinem

159 734 277 809 mundi,
295 735 342 794 cui
359 735 456 817 plures
472 755 559 817 qnam
580 737 710 818 quinque
728 736 857 818 planetas
879 757 942 797 esse
962 737 1135 810 conveniat,
1158 737 1238 820 quod

97 844 102 857 '
158 838 287 900 nondum
299 840 465 900 observatus
479 862 578 901 eorum
590 864 690 902 cursus
704 841 777 902 nihil
791 842 866 902 obsit
879 855 989 903 aeternae
1001 865 1100 903 eorum
1110 854 1235 919 naturae,

157 965 248 1026 quum
262 932 352 1006 multa
374 946 554 1030 ignoremus,
577 947 651 1008 sicut
671 949 766 1029 ipsum
780 949 909 1008 animum
929 960 1058 1008 nostrum
1073 946 1193 1021 XXIV,
1208 962 1238 1009 et

156 1070 247 1132 quum
261 1050 298 1112 ad
309 1073 356 1112 res
367 1064 426 1112 tarn
438 1049 566 1113 difficiles
581 1053 767 1114 declarandas
777 1055 873 1115 multae
883 1053 1021 1136 deinceps
1031 1067 1126 1115 etates
1136 1055 1238 1136 requi-

156 1168 257 1216 rantur
274 1154 371 1241 XXV.
391 1157 545 1218 contentos
557 1159 695 1220 nonnulla
711 1158 855 1242 explicare
876 1181 977 1242 posse,
999 1172 1050 1234 ut,
1071 1182 1124 1220 cur
1140 1159 1237 1221 redire

156 1259 319 1338 videantur,
335 1286 398 1345 quc
411 1264 512 1324 similis
526 1266 564 1323 sit
579 1265 651 1324 ratio
666 1275 754 1347 atque
765 1266 797 1324 in
811 1266 955 1347 planetis,
971 1287 1024 1325 cur
1038 1266 1130 1326 aciem
1141 1277 1238 1326 uant-

156 1369 295 1444 mittant,
320 1371 457 1452 quoniam
480 1370 598 1430 nonsit
620 1370 728 1432 solidus
750 1373 824 1455 ignis
841 1417 850 1446 ,
869 1396 927 1432 non
952 1373 1045 1455 magis
1068 1384 1155 1453 atque
1174 1374 1237 1453 ejus

156 1476 266 1556 species
286 1488 436 1557 porrecta,
454 1498 517 1558 quae
537 1472 637 1549 sallat,
664 1476 776 1559 reliqua
794 1475 946 1538 enodanda
968 1477 1069 1538 future
1087 1478 1161 1538 aetati
1184 1499 1238 1538 nos

156 1580 261 1642 debere
276 1585 440 1664 permittere
453 1583 565 1644 XXVI.
579 1583 695 1643 Faciem
711 1583 879 1643 dissimssem
888 1596 1065 1647 cometarum
1079 1600 1138 1644 non
1151 1606 1237 1667 posse

155 1688 284 1764 obstare,
299 1713 357 1772 quo
370 1692 465 1750 minus
480 1711 533 1771 pro
548 1687 636 1748 stellis
650 1685 822 1762 habeantur,
838 1692 975 1771 quoniam
994 1703 1073 1751 tanta
1087 1692 1237 1753 diversitas

155 1798 263 1879 ubique
286 1798 316 1856 in
343 1796 451 1856 mundo
472 1794 724 1878 deprehendatur,
739 1807 773 1857 ut
797 1810 913 1857 comete
934 1799 989 1879 ipsi
1010 1799 1068 1857 sint
1090 1799 1162 1857 varii
1188 1798 1238 1858 in-

153 1917 198 1963 ter
213 1925 244 1963 se
259 1901 387 1964 XXVII.
403 1903 512 1963 Seneca
526 1900 586 1981 jaan
599 1923 681 1962 suum
695 1903 861 1964 matrem
882 1926 914 1963 ac
933 1905 1018 1963 latius
1033 1916 1184 1965 exsecutus
1199 1904 1238 1964 ad

155 2008 240 2067 aliam
272 2020 381 2089 partem
402 2009 520 2067 rationis
540 2019 716 2067 cometarum
741 2030 773 2069 se
794 2007 948 2083 transfert,
971 2009 1040 2092 qudi
1058 2006 1234 2091 sr'gnficeat,

156 2115 354 2196 expositurus,
374 2127 403 2175 et
425 2113 542 2197 quidem
568 2114 718 2175 secundum
744 2114 945 2187 Aristotelem,
972 2130 1108 2177 utrumne
1130 2118 1160 2176 vi
1184 2138 1238 2177 sua

156 2234 185 2282 et
208 2235 314 2282 natura
336 2222 421 2305 lege,
444 2245 503 2282 non
525 2243 561 2282 ex
576 2223 709 2304 proximo
724 2223 847 2296 efficaci,
867 2245 904 2282 an
928 2223 1056 2284 absolute
1081 2223 1238 2307 astrologi-

156 2349 248 2409 coque
261 2351 348 2389 sensu
363 2328 534 2389 denuntient
552 2326 697 2388 XXVIII.
713 2327 817 2389 Obiter
830 2327 879 2388 laio
900 2327 1050 2390 Aristoteli
1065 2329 1233 2412 eblcqaahw,

156 2435 234 2517 quod
250 2437 359 2496 tardius
375 2450 495 2518 propter
506 2437 674 2519 gravitatem
689 2434 828 2509 serantur,
849 2449 936 2518 atque
956 2437 987 2496 in
1002 2435 1135 2496 cardines
1153 2458 1238 2497 com-

155 2540 315 2624 pellantur;
337 2543 427 2624 priori
449 2541 586 2624 refragari
610 2541 721 2601 stellam
741 2542 876 2616 Saturni,
902 2563 965 2623 quae
987 2542 1040 2602 etsi
1055 2541 1235 2616 lentissIma',

155 2663 250 2710 tamen
262 2649 408 2709 levissima
423 2649 477 2723 sit,
495 2670 558 2730 quae
579 2648 602 2707 si
619 2671 677 2707 non
692 2661 751 2708 tarn
765 2648 845 2708 tarde
858 2649 1016 2729 procedat,
1035 2670 1122 2730 quarn
1131 2632 1239 2710 videa-

155 2769 213 2830 tur,
232 2757 308 2816 idem
326 2754 362 2852 de
379 2755 497 2815 cometis
510 2753 568 2814 dici
584 2776 668 2837 posse
677 2777 685 2826 3
705 2776 791 2814 usum
805 2767 901 2813 tamen
917 2755 1082 2828 edocuisse,
1097 2755 1153 2815 hoc
1173 2778 1237 2849 esse

87 2930 96 2940 .
156 2885 214 2921 non
225 2864 315 2946 magis
329 2885 448 2936 verum,
461 2885 548 2944 quam
564 2883 664 2922 omnes
678 2884 794 2922 cursum
811 2860 848 2922 ad
863 2863 961 2943 polum
975 2875 1153 2923 convertere.
1170 2862 1236 2925 lloc

156 2970 242 3029 etiam
256 2970 338 3029 aliter
355 2969 484 3030 docuisse
496 2992 580 3028 usum
596 2968 710 3030 XXIX.
732 2969 877 3028 Absoluta
892 2970 1040 3049 qaraestioni
1055 2968 1094 3029 de
1108 2983 1237 3029 coman-

157 3098 219 3135 rum
235 3088 336 3136 natura
351 3076 431 3136 addit
445 3076 553 3137 Seneca
567 3076 795 3135 observationem
805 3097 884 3156 ,quae
898 3075 1021 3150 dixerit,
1034 3076 1150 3135 nonnisi
1161 3086 1196 3136 ut
1205 3078 1236 3136 iu

157 3182 242 3242 rebus
258 3195 316 3241 tam
330 3181 485 3256 abstramis,
496 3182 553 3241 m'ti
562 3183 647 3241 meris
660 3179 841 3262 conjunctis,
855 3179 960 3263 quibus
970 3181 1074 3240 similia
1084 3201 1169 3241 sensa
1182 3182 1237 3242 ad-

157 3290 246 3349 nectit
258 3290 310 3363 iis,
328 3310 391 3368 quae
404 3289 536 3369 superius
549 3284 648 3359 XXV,
664 3299 693 3345 et
703 3309 729 3344 c.
744 3284 867 3360 XXVI,
885 3308 895 3345 r
909 3330 918 3360 ,
933 3284 1070 3359 XXVII,
1083 3282 1122 3364 4,
1136 3308 1238 3346 occur-

157 3398 259 3456 rebant
266 3395 363 3458 XXX.
381 3394 447 3455 Jam
462 3415 552 3475 quum
568 3392 752 3475 cogitandum
766 3394 823 3465 sit,
839 3393 933 3453 Deum
950 3415 1008 3452 non
1021 3394 1237 3477 omnia'generi

155 3503 282 3563 hnmano
295 3504 417 3562 voluisse
428 3500 605 3583 patefacere,
614 3497 768 3579 senodum
782 3520 860 3568 esse,
877 3499 906 3559 si
916 3509 1087 3559 cometarum
1101 3510 1237 3562 Murum

155 3612 326 3689 ignom,
342 3631 431 3691 quum
446 3620 547 3690 praeter
562 3606 651 3665 multa
667 3605 723 3665 alia
736 3606 808 3666 deus
823 3605 885 3687 ipse
900 3606 1003 3680 lateat,
1020 3606 1237 3686 reputandum-

157 3739 236 3798 que,
260 3716 338 3799 quod
356 3717 417 3795 jam
443 3727 526 3775 antea
546 3714 720 3786 inculcavit,
744 3711 883 3773 nonnulla
900 3713 1101 3793 mysteriorum
1126 3726 1237 3774 nature

158 3825 278 3906 posteris
291 3825 327 3884 iri
340 3824 495 3884 reclusum.
508 3820 587 3880 Nihil
596 3821 714 3880 omnino
729 3841 808 3893 esse,
817 3817 896 3901 quod
907 3817 1085 3900 perlectum,
1097 3831 1149 3879 aut
1159 3843 1237 3881 cou-

158 3944 330 3994 summatum
345 3933 399 4006 sit,
415 3952 454 3989 ne
466 3931 529 4012 ipsa
543 3927 661 4010 quidem
674 3928 760 3997 οἰαὶι,
776 3949 892 4008 quonam
906 3928 1069 4006 simper-aiam
1084 3927 1234 4011 adjungit,
1291 3913 1294 3919 ’

158 4043 319 4122 itemmque
338 4039 423 4099 latius
439 4047 574 4115 evagatae
593 4032 739 4104 affluens,
759 4044 791 4092 ut
805 4056 888 4094 nouas
902 4033 1022 4095 delictus
1035 4037 1238 4107 commr'eaalccof

155 4158 211 4220 tur,
231 4147 376 4210 salamiam
391 4142 505 4208 XXXI.
524 4142 602 4218 Quid
616 4143 721 4203 mirum
736 4163 819 4215 csso,
837 4143 861 4201 si
883 4141 1013 4201 liberalia
1028 4142 1123 4204 studia
1138 4142 1238 4226 negli-
