2640 4800
169 399 213 484 34
527 394 571 462 o.
601 393 644 461 o.
672 392 901 464 sonsum

166 518 289 615 debuit„
308 536 414 619 quihus
429 537 455 594 ei
472 525 697 610 lenocinaretur,
714 534 792 616 quod
806 535 883 596 clare
902 535 1059 595 ostendunt
1078 534 1258 616 prefationes

166 647 243 707 tertii
259 656 346 724 atque
360 643 475 724 septimi
494 641 579 715 libri,
602 665 725 724 quacum
741 644 771 702 in
787 641 870 724 illas
889 640 975 721 1-4,
1001 664 1032 703 se
1051 656 1110 704 tam
1131 665 1196 704 sero
1216 630 1258 705 'ad

168 751 264 813 studia
277 751 425 831 sapientiae
439 747 625 809 accedentem
643 749 682 809 ad
697 751 807 809 acriora
821 749 916 809 studia
932 751 1063 832 instigat,
1081 750 1111 808 in
1124 749 1177 809 hac
1188 747 1209 830 §
1219 749 1256 824 5,

57 834 61 853 Ι
165 858 197 931 6,
209 857 307 918 studia
318 857 509 939 cosmologica
521 855 666 938 predicat.
681 855 950 938 Frequentabantur
960 879 993 916 ea
1005 857 1042 915 ah
1052 855 1186 916 omnibus
1197 855 1259 916 iere

169 965 271 1025 Stoicis
283 964 353 1023 inde
367 962 404 1023 ab
418 976 534 1022 auctore
548 975 631 1022 sectae
645 983 738 1044 usque
753 962 790 1022 ad
804 962 954 1023 Senecam.
968 963 1044 1023 Mori
1059 964 1149 1046 igitur
1162 965 1259 1024 stoicis

169 1071 254 1131 solito
271 1070 341 1130 dare
355 1069 466 1151 aliquid
480 1081 611 1150 poterat,
629 1070 680 1151 qui
695 1070 758 1129 sine
775 1068 865 1129 dubio
887 1081 966 1130 ortus
980 1082 1023 1130 est
1038 1091 1074 1131 ex
1087 1069 1212 1130 utilitate
1227 1084 1258 1132 ct

171 1178 334 1259 prestantia
348 1174 451 1235 harum
463 1196 558 1234 rerum
570 1174 608 1234 ad
619 1175 747 1234 animum
760 1174 920 1235 humanum
935 1176 1114 1258 erigendum,
1126 1187 1155 1236 et
1168 1198 1185 1236 a
1197 1189 1260 1236 ter·

171 1286 249 1344 renis
259 1284 433 1343 abstractum
444 1303 531 1364 supra
543 1281 696 1342 humilium
706 1281 820 1342 trubam
834 1281 1022 1343 efferendum.
1035 1276 1165 1343 Proiecto
1177 1282 1260 1343 nulla

168 1391 224 1450 tuit
239 1386 477 1472 philosophorum
492 1400 589 1462 secto,
614 1410 677 1470 quas
692 1388 871 1472 diligentiam
885 1389 924 1449 ad
937 1410 986 1449 eas
997 1401 1145 1470 tantopere
1160 1390 1259 1463 inten-

166 1498 269 1572 deret,
287 1511 329 1557 tot
344 1519 389 1557 res
404 1497 550 1556 naturales
566 1496 662 1557 studio
677 1519 730 1556 suo
752 1495 813 1557 iere
828 1496 1077 1578 complecteretur,
1092 1498 1260 1578 majoreque

164 1604 324 1664 subtilitate
337 1606 366 1663 in
382 1605 509 1686 singulas
518 1624 563 1662 res
575 1602 743 1683 quaerendas
756 1602 953 1663 descenderet.
967 1604 1066 1664 Altera
1076 1624 1162 1663 causa
1175 1624 1258 1684 ,quse

163 1710 279 1771 Senecae
293 1722 420 1770 mentem
433 1709 579 1789 applicare
588 1707 625 1766 ad
636 1705 695 1767 haec
706 1706 801 1767 studia
812 1709 923 1788 potuit,
935 1708 1063 1768 fueritin
1076 1710 1171 1768 animo
1181 1710 1257 1789 ejus,

164 1840 179 1876 a
197 1816 365 1896 corruptela
379 1816 431 1874 evi
443 1814 480 1873 ad
493 1835 592 1877 eorum
607 1813 747 1873 solamina
761 1813 947 1898 refugientis,
959 1816 1086 1897 eumque'
1095 1836 1182 1874 sensu
1194 1836 1261 1876 ma-

169 1925 264 1981 lorum
277 1921 379 1987 intimo
391 1932 449 1979 tam
460 1920 585 2001 graviter
600 1921 773 2001 ponitusque
785 1922 949 1994 afficientis,
962 1934 996 1980 ut
1004 1942 1071 1981 eum
1084 1921 1121 1980 ah
1134 1921 1181 1981 his
1194 1942 1261 1981 mo-

167 2028 259 2086 lestiis
271 2026 309 2085 ad
320 2026 440 2087 meliora
452 2027 610 2105 altioraque
622 2038 754 2085 avocaret
765 2026 997 2108 contemplanda,
1010 2048 1134 2109 cumque
1145 2048 1258 2101 arura,

167 2156 231 2217 quar
247 2154 314 2192 cum
329 2155 388 2193 non
409 2133 504 2214 potuit
523 2155 582 2193 non
598 2132 751 2192 sollicitum
767 2130 895 2205 habere,
911 2133 1021 2194 levaret
1035 2131 1157 2215 perinde
1171 2145 1260 2215 atque

170 2241 351 2311 Ciceronem,
360 2260 458 2319 quem,
469 2260 560 2318 quum
570 2238 702 2298 similiter
712 2250 866 2321 angeretur
879 2250 908 2298 et
919 2252 1088 2313 vexaretur,
1101 2261 1167 2299 suas
1177 2260 1261 2322 que-

171 2346 278 2404 stiones
292 2387 300 2416 ,
328 2365 418 2424 quum
443 2343 620 2403 academicos
643 2355 705 2402 tum
730 2345 894 2403 tusculanos
915 2346 1118 2426 conscripsisse
1133 2356 1256 2403 constat.

170 2451 265 2511 Possit
279 2452 363 2511 tertia
379 2450 475 2531 aliqua
490 2472 576 2509 causa
592 2453 680 2532 quoeri
696 2453 726 2509 in
742 2452 840 2510 multis
853 2452 973 2511 cometis
988 2451 1110 2532 aliisque
1123 2452 1260 2511 meteoris

170 2579 234 2638 qum
245 2558 348 2617 crebro
363 2576 398 2615 eo
411 2569 540 2638 tempore
555 2558 723 2638 apparentia
736 2559 846 2616 animos
862 2557 1010 2618 hominum
1022 2570 1238 2618 commoverent
1255 2603 1264 2631 ,

171 2688 292 2747 queque
313 2686 411 2724 curam
423 2664 577 2724 celestium
592 2665 739 2737 acuerint,
752 2666 840 2724 immo
851 2677 952 2746 quarta
967 2665 1062 2746 aliqua
1076 2686 1162 2725 causa
1176 2666 1208 2724 in
1225 2666 1261 2724 iis

169 2770 371 2852 deprehendi,
391 2770 496 2850 quihus
519 2771 676 2852 scripserit.
694 2768 731 2830 lt
746 2770 885 2831 Senecam
902 2772 1030 2830 animum
1049 2791 1154 2844 suum,
1171 2791 1259 2852 quem

170 2877 316 2958 hospitem
332 2879 361 2935 in
376 2876 421 2935 his
436 2878 539 2937 litteris
556 2898 614 2936 non
630 2897 693 2936 csse
708 2878 794 2936 etiam
809 2877 919 2957 reliqua
933 2879 995 2956 ejus
1009 2878 1115 2958 scripta
1126 2878 1195 2937 satis
1207 2879 1261 2937 io-

172 2982 290 3055 dicaut,
317 3005 375 3041 non
394 2983 543 3042 hominum
565 2982 715 3042 dumtaxat
734 2983 764 3041 in
785 2984 906 3064 gratiam
929 2984 1117 3056 convertisse,
1140 3003 1259 3064 prorsus

173 3102 217 3148 est
234 3086 365 3149 absimile
383 3111 461 3148 vero.

566 3321 623 3361 CUl
646 3320 868 3361 SCRIPSERlT.

214 3483 269 3544 Cui
276 3496 372 3542 autem
379 3483 531 3562 scripserit,
545 3483 593 3540 vix
605 3494 698 3562 potest
709 3483 739 3540 in
749 3483 937 3562 questionem
945 3485 1044 3542 venire
1052 3527 1060 3556 ‚
1068 3472 1164 3563 quum
1174 3486 1259 3545 toties

172 3591 359 3672 compellatus
377 3586 503 3647 Lucilius
519 3590 647 3648 sufficere
662 3589 794 3647 videatur
806 3586 843 3647 ad
856 3610 920 3649 rem
932 3587 1132 3648 decidendam.
1147 3589 1259 3649 Verum

168 3718 259 3779 quum
271 3717 333 3757 esse
350 3696 478 3776 possint,
493 3696 543 3776 qui
555 3706 675 3775 putent,
691 3695 824 3754 simulato
835 3693 936 3754 Lucilii
948 3696 1065 3754 nomine
1082 3716 1149 3754 eum
1162 3697 1259 3776 potius

167 3804 307 3864 direxisse
323 3804 500 3884 propositum
517 3824 602 3861 suum
618 3802 657 3861 ad
673 3800 841 3875 Romanos,
859 3815 908 3860 aut
922 3799 1032 3861 Lucilio
1047 3823 1131 3860 usum
1147 3800 1211 3861 c'sse
1226 3815 1259 3861 ut

166 3911 280 3985 medio,
293 3933 350 3991 quo
361 3932 425 3969 suas
435 3912 603 3991 questiones
615 3909 795 3990 dimulgaret,
813 3930 866 3990 age
881 3908 948 3968 huic
965 3908 1167 3990 disceptationi
1178 3931 1259 3989 pau-

163 4019 256 4080 lulum
276 4020 471 4078 immoremur.
498 4018 693 4077 llomanmmn
716 4036 799 4097 ergo,
825 4016 845 4073 i.
869 4036 896 4073 e.
916 4036 1014 4076 eorum
1031 4017 1062 4074 in
1085 4017 1189 4098 vulgus
1206 4015 1258 4075 has

160 4128 329 4206 (placationes
348 4125 460 4204 concipi
477 4123 621 4203 condique
639 4123 766 4202 potuisse
780 4165 787 4193 ,
800 4142 872 4200 quos
888 4122 950 4202 ipse
966 4121 1003 4181 ab
1018 4121 1064 4181 his
1076 4122 1179 4183 studiis
1190 4145 1258 4181 om-
