2640 4800
450 282 816 375 orsQursrrio.
1129 296 1175 388 a,

87 443 210 492 suemus
225 429 300 489 duos
310 427 419 499 libres,
437 428 511 485 sico
521 425 622 485 ordine
637 427 736 506 scripti
751 439 818 484 sunt
832 470 840 500 ,
852 449 910 509 quo
924 451 1001 489 nunc
1019 431 1169 496 habentur.

88 539 245 599 Possumus
264 537 361 618 igitur
375 533 521 616 negligere
543 533 628 592 aliam
649 535 846 607 notationem,
869 555 932 615 quae
955 537 1029 596 inest
1044 563 1070 598 c.
1089 540 1171 616 Vll,

92 667 147 726 ν),
162 644 214 702 ubi
229 654 346 707 cometae
361 642 469 702 mentio
486 640 536 714 fit,
551 642 601 721 qui
618 640 672 699 sub
686 639 800 701 Nerone
815 645 1001 722 apparuerit,
1015 667 1102 725 quam
1115 646 1174 706 Ta-

86 753 179 824 citus,
196 748 271 810 xlv
283 748 387 808 Annal.
404 748 588 829 22,assiguat
602 769 679 806 anno
689 746 729 808 U.
749 747 784 806 C.
802 744 890 821 813,
907 749 959 829 qui
975 761 1019 808 est
1030 748 1098 810 Cbr.
1113 754 1173 810 nati

84 853 144 930 ὄις
160 878 251 938 quum
260 855 493 938 quinquennium
504 876 557 936 pro
574 855 698 914 triennio
713 853 773 914 det.
790 854 947 937 Augustius
963 855 1057 916 adhuc
1069 880 1173 938 posse·-

86 984 151 1024 mus
162 962 282 1026 fortasse
295 961 417 1023 reddere
428 959 484 1029 boe
499 960 683 1030 intervallum
697 962 721 1018 si
739 983 832 1021 annus
847 962 1011 1022 consulatus
1030 963 1172 1026 Paterculi

86 1081 117 1127 et
135 1069 254 1151 Vopisci
271 1082 356 1136 notus
378 1080 471 1142 esset,
492 1081 666 1131 memoratus
689 1066 763 1142 VII,
781 1065 839 1142 28,
855 1065 912 1142 25,
936 1070 986 1139 ubi
1008 1070 1171 1134 conseratur
1268 1131 1272 1140 ,

85 1189 154 1235 nota
162 1200 171 1247 ;
184 1178 291 1250 immo,
307 1176 387 1234 omni
401 1172 549 1255 querendi
562 1174 677 1256 negotio
693 1195 811 1255 prorsus
825 1174 1062 1255 supersedentes,
1075 1178 1170 1258 ipsum

84 1281 240 1356 editionis,
255 1283 345 1363 partis
365 1281 466 1341 saltem
488 1280 555 1346 Nat.
574 1279 680 1355 Quaest.
704 1302 815 1340 annum
827 1279 947 1342 definire
962 1325 971 1356 ,
987 1283 1011 1340 si
1026 1262 1170 1343 constaret

83 1411 143 1466 quo
173 1411 251 1448 auno
271 1386 397 1448 Lucilius
418 1389 515 1467 junior
536 1398 713 1467 procurator,
729 1386 831 1447 Sicilia
854 1386 950 1447 luerit.
978 1388 1061 1448 Cous.
1087 1390 1168 1472 prael.

84 1495 136 1553 lib.
154 1493 209 1554 IV.
226 1494 273 1555 Ab
287 1493 341 1575 bae
358 1506 616 1576 partespectatum
631 1492 791 1563 ‚ridiculum
814 1516 866 1574 per
879 1515 929 1567 se,
950 1508 982 1554 ut
996 1498 1170 1561 contrarium

84 1601 189 1661 rationi
212 1600 441 1683 chronologicas,
463 1602 572 1665 dictum
593 1602 716 1661 auctoris
735 1602 838 1660 incerti
864 1601 928 1659 vitae
943 1601 1079 1676 Senecae,
1103 1627 1168 1674 eum

82 1721 199 1768 centum
214 1720 336 1788 quatuor
352 1722 381 1769 et
395 1710 497 1792 viginti
513 1730 604 1768 anuos
619 1728 835 1789 supergressum
850 1727 931 1781 esse,
948 1710 1039 1789 magis
1054 1709 1168 1769 ridicu-

82 1816 144 1874 lum
160 1817 323 1897 mirumque
333 1815 477 1876 videbitur
492 1840 500 1875 a
514 1817 563 1896 qui
580 1814 666 1873 homo
679 1813 765 1892 hujus
779 1815 867 1873 astatis
881 1825 959 1872 tanto
972 1815 1059 1873 animi
1073 1817 1168 1896 vigore

83 1921 211 1981 scribere
225 1922 318 1982 adbuc
328 1923 559 2005 potueritlvide
571 1921 739 1996 Pascbium,
753 1921 913 1983 introduct.
929 1923 959 1980 in
974 1944 1035 1982 rem
1045 1922 1174 2003 litterar„

84 2028 185 2087 ruoral.
205 2029 273 2088 Vet.
295 2030 329 2090 C.
348 2029 448 2110 111‚§
467 2026 520 2104 16,
539 2052 605 2113 pag.
622 2025 695 2106 642.

312 2287 354 2325 DE
375 2286 537 2326 AUCTORE
559 2287 600 2324 ΕΤ
620 2284 736 2325 OPERI!
758 2284 936 2326 tuntcturr.

126 2481 179 2540 His
195 2482 347 2562 praemissis
364 2480 481 2539 demum
495 2490 606 2539 rectum
622 2491 651 2539 et
665 2491 831 2559 competens
852 2478 992 2558 judicium
1012 2480 1048 2540 de
1068 2482 1171 2563 quali-

85 2597 143 2645 tate
152 2587 238 2666 hujus
248 2587 343 2667 operis
355 2586 430 2645 serre
441 2588 614 2667 poterimus,
627 2585 705 2666 quod
715 2598 810 2644 tamen
827 2595 998 2665 antequam,
1012 2607 1069 2665 quo
1080 2587 1170 2649 debet·

87 2694 190 2765 ruodo,
207 2694 275 2766 fiat,
293 2693 355 2752 dure
370 2715 415 2753 res
430 2694 467 2752 ad
481 2692 625 2773 liquidum
641 2703 726 2751 erunt
742 2691 950 2770 perducendas,
967 2692 1073 2767 altera,
1091 2695 1170 2755 illud·

87 2820 201 2880 magnas
212 2799 430 2879 depravationes
442 2799 609 2877 disjectione
624 2808 653 2855 et
663 2798 817 2855 omissione
829 2819 887 2855 non
903 2796 1039 2872 subiisse,
1056 2799 1163 2876 altera,

86 2918 228 2964 auctorem
243 2907 340 2965 omnia
360 2906 398 2963 ita
420 2903 568 2964 ordinasse
585 2915 614 2963 et
637 2902 841 2981 conjunxisse,
859 2914 891 2961 ut
912 2923 989 2961 nunc
1008 2901 1160 2969 habentur.

88 3010 225 3071 Neutrum
238 3011 341 3070 horum
358 3013 416 3071 fiet.
434 3009 536 3070 Nullus
550 3009 669 3091 quidem
684 3009 745 3088 ejus
759 3009 834 3068 liber
852 3020 900 3068 aut
913 3030 1003 3069 manu
1019 3024 1068 3071 aut
1086 3017 1163 3095 typis

87 3121 224 3199 scriptus,
240 3120 318 3200 quod
334 3121 467 3200 equidem
485 3121 592 3190 sciam,
616 3117 716 3177 talium
736 3118 962 3198 corruptelarum
985 3133 1084 3201 aperta
1107 3120 1162 3182 lert

88 3226 212 3307 vestigia.
231 3227 366 3285 Attamen
380 3246 428 3284 eas
442 3236 509 3284 ante
527 3226 603 3303 ipsos
617 3224 669 3282 bos
683 3223 771 3283 libros
783 3224 877 3283 nullas
887 3223 993 3297 luisse,
1010 3248 1115 3307 eosque
1125 3250 1162 3288 ex

86 3331 241 3391 adulterato
261 3331 340 3391 sonte
354 3353 412 3390 non
434 3329 596 3410 prodiisse,
613 3350 698 3389 nemo
716 3329 870 3410 praestubit.
892 3331 996 3390 Insunt
1009 3353 1079 3392 sane
1093 3333 1160 3393 huic

86 3440 163 3518 operi
176 3438 330 3510 nonnulla,
346 3459 408 3518 quae
424 3440 484 3511 ita,
499 3449 532 3496 ut
546 3459 622 3496 nunc
637 3448 724 3509 sunt,
741 3449 938 3518 coagmentata
954 3459 1016 3498 esse
1027 3481 1036 3512 ,
1048 3440 1166 3520 sibique·

87 3545 120 3603 de
135 3568 224 3605 manu
245 3546 367 3604 auctoris
389 3544 579 3618 successisse,
595 3544 644 3601 vix
665 3544 816 3624 quisquam
836 3545 866 3601 in
888 3557 1016 3604 mentem
1030 3546 1157 3608 inducet.

85 3652 152 3725 Quis
169 3652 247 3710 enim
261 3651 380 3724 credet,
398 3673 464 3710 eum
486 3650 706 3729 disputationem
724 3648 761 3707 de
782 3649 870 3725 Nilo,
890 3671 953 3730 qun
975 3651 1013 3709 ad
1029 3655 1169 3732 proxime,

86 3759 271 3836 praecedentia
292 3758 407 3839 proprie
426 3757 604 3836 pertinebat,
629 3755 770 3814 violenter
791 3777 807 3813 a
829 3776 881 3814 suo
904 3754 968 3815 loco
989 3755 1158 3831 revulsam,

86 3865 177 3923 alieno
189 3886 315 3944 ponere,
330 3876 358 3923 et
373 3885 437 3922 oum
455 3862 556 3922 alienis
572 3862 707 3942 copulare
717 3861 852 3922 maluisse
864 3907 873 3936 ,
885 3861 916 3921 b.
934 3885 961 3921 c.
977 3885 1044 3924 cum
1056 3863 1159 3945 dispu-

86 3974 189 4031 tatione
205 3971 241 4030 dc
256 3971 395 4052 grandine
412 3983 441 4028 et
456 3969 618 4028 similibus?
635 3969 699 4049 quis
714 3969 833 4041 credet,
851 3980 994 4028 auctorem
1012 3991 1065 4042 ea,
1094 3990 1156 4048 quas

86 4078 192 4157 praefari
209 4079 259 4136 toti
277 4080 357 4157 operi
374 4077 517 4151 debebat,
534 4075 661 4137 secundo
677 4077 793 4136 demum
808 4074 883 4135 libro
896 4074 981 4134 fuisse
1002 4076 1159 4157 praemoni«
