2640 4800
434 363 798 457 nrsQulsrruo.
1114 381 1153 446 ‚5

72 515 143 588 bns,
164 509 221 590 14,
236 511 344 595 quibus
357 510 567 571 excussionem
579 510 862 573 meditandoeruere
875 526 1013 592 conetur,
1026 537 1156 599 suprase

72 623 165 704 ipsum
178 618 292 693 elatud,
309 616 357 680 15.
798 685 803 698 Ι

108 729 185 788 Τιιιιι
199 726 239 787 ad
252 747 315 786 rem
327 724 469 787 accedeus
481 725 542 808 egit
553 723 591 785 de
605 727 734 787 moris
743 728 849 805 igneo,
867 727 905 788 de
914 730 1029 809 nuptui,
1046 731 1152 803 badis,

69 837 155 915 ι’ςηώ
169 834 285 914 plodio,
308 834 399 895 stellis
412 833 577 893 cudemibus
591 834 791 914 potissimum,
805 833 843 894 de
859 836 998 897 elecm'a’s
1009 837 1155 915 rpnc‘calr'c,

68 944 96 1001 iu
110 944 206 1024 iisque
221 941 367 1024 precipue
383 939 421 1000 de
436 937 595 1009 Dr'oscun's,
614 941 721 1020 quibus
734 960 792 1000 nou
809 939 883 1001 nibil
898 940 937 1001 dc
951 943 1080 1005 nubibus
1093 947 1158 1027 ely»

65 1049 178 1131 μὴν
191 1047 341 1130 subiungit
360 1045 507 1126 capitol,
531 1044 568 1105 de
582 1045 717 1106 boloium
738 1057 841 1106 natura
868 1069 902 1107 ac
921 1051 1104 1131 prognostica
1126 1053 1158 1110 vi

68 1153 115 1228 ΙΙ,
129 1153 169 1214 dc
184 1174 256 1213 arat
277 1152 387 1212 colati
400 1143 562 1224 Ill-VIII,
577 1151 628 1210 ubi
642 1152 674 1210 in
687 1152 814 1211 rationes
830 1154 940 1235 opticas
963 1155 1021 1215 lato
1039 1155 1158 1217 metho-

68 1256 161 1338 doque
182 1256 332 1317 dialectics
347 1254 485 1315 excurrit.
509 1253 587 1313 Hinc
610 1255 715 1315 transit
731 1254 769 1315 nd
785 1258 880 1335 erigas
898 1257 964 1334 IX',
979 1262 1124 1341 quomodo
1139 1284 1158 1324 a

67 1365 179 1424 coronis
194 1362 330 1424 differunt
340 1361 496 1422 ostendens
507 1358 553 1434 X,
567 1360 662 1442 dequo
671 1361 850 1444 singularum
862 1385 961 1427 eornm
974 1370 1071 1449 specie
1080 1390 1157 1430 uon-

68 1469 145 1529 nulla
164 1468 278 1530 addens
295 1468 379 1527 initio
393 1467 495 1549 cupitis
510 1465 573 1540 XI,
589 1487 653 1548 quae
668 1487 761 1549 usque
775 1467 813 1529 ad
825 1470 914 1530 verbu
928 1475 1064 1554 quomodo
1083 1498 1156 1536 nunc

48 1572 99 1647 loo
112 1588 182 1636 sunt
196 1571 407 1636 transferenda.
424 1572 578 1653 Reliquum
593 1572 680 1653 hujus
696 1575 798 1655 capitis
811 1588 922 1656 partem
933 1598 990 1637 uua
1003 1601 1071 1639 cum
1082 1580 1158 1641 duo-
1237 1614 1243 1629 =

67 1682 117 1742 bus
131 1681 276 1762 proximis
290 1679 352 1742 XII
364 1692 394 1740 ct
404 1677 479 1739 XIII
490 1677 619 1760 (rectius
632 1700 700 1739 cum
710 1681 863 1760 postremis
874 1680 961 1761 hujus
974 1685 1075 1765 cupitis
1087 1708 1157 1746 ven-

66 1787 106 1846 his
122 1785 229 1848 :Num
245 1786 316 1877 quii!
330 1784 435 1846 reddat
449 1783 700 1869 conjungendis),
716 1808 839 1867 quorum
856 1790 945 1870 priori
962 1790 1081 1851 modum
1096 1814 1156 1873 quo

65 1894 230 1955 observatur
242 1894 311 1954 solis
323 1890 468 1964 delectio,
483 1913 572 1973 quum
582 1892 677 1952 obiter
689 1892 843 1968 describit,
860 1895 1003 1970 illustrat,
1015 1897 1155 1976 prebebis

66 1999 263 2062 descrihendis
283 1999 425 2082 transigit.
458 1998 572 2060 Abhinc
605 2000 749 2081 percurrit
772 2002 891 2084 mltipuos
917 2003 1016 2080 r'gnes,
1039 2006 1156 2066 comen&

65 2107 185 2176 sriat'les,
202 2118 236 2165 ut
250 2105 398 2175 holduinus,
412 2104 541 2184 pridias,
560 2105 728 2176 chasmate,
746 2103 820 2166 XIV
831 2150 840 2183 ,
847 2104 994 2186 fulgores,
1015 2111 1150 2182 ardores,

67 2213 94 2272 iu
108 2214 215 2295 quibus
231 2222 357 2273 cometus
370 2212 502 2293 attingit,
519 2223 606 2292 atque
621 2211 737 2271 illorum
751 2213 941 2272 substantiam
954 2235 1021 2274 cum
1034 2237 1151 2276 anuum

65 2341 281 2403 autumnumque
310 2319 489 2391 substantia,
513 2317 659 2378 nonnullis
685 2317 722 2378 do
747 2340 847 2379 eorum
872 2332 975 2380 notura
997 2323 1148 2402 repetitis,

66 2440 211 2510 comparat
225 2425 295 2488 XV.
314 2426 340 2486 Α
356 2427 503 2486 mentione
516 2445 569 2506 pcr
582 2424 658 2485 lunc
677 2426 857 2486 occasionem
877 2427 1059 2507 speculorum
1073 2428 1149 2490 iactu

65 2535 168 2596 adduci
177 2556 211 2594 se
224 2535 333 2615 patitur
347 2532 386 2593 ad
402 2531 592 2593 enarrandam
606 2532 741 2591 solertem
757 2532 858 2592 Hostii
864 2579 873 2604 ,
892 2533 1014 2593 hominis
1028 2539 1149 2618 nequis·

65 2644 146 2717 simi,
161 2644 308 2703 lr’htilairan
316 2639 403 2702 XVI.
414 2640 458 2700 Ita
471 2641 577 2699 sensim
589 2639 706 2699 devenit
714 2640 751 2700 ad
763 2640 936 2702 deridendos
950 2642 1146 2724 philosophos,

64 2752 112 2831 qui
134 2753 211 2811 inter
235 2750 292 2809 alia
314 2770 388 2809 vana
412 2759 541 2829 quaernnt
556 2746 593 2806 de
611 2748 785 2807 inventionis
806 2748 988 2829 speculorum
1012 2752 1144 2826 ratione,

64 2880 124 2939 quae
134 2859 209 2919 facts
219 2857 305 2918 luerit
316 2900 325 2931 ,
338 2878 396 2915 non
406 2867 440 2914 ut
449 2855 535 2914 luxus
545 2855 672 2933 juvetur,
684 2853 736 2913 sed
747 2867 779 2914 ut
789 2855 832 2914 sol
846 2856 998 2930 deficiens,
1015 2871 1044 2917 ot
1057 2858 1143 2932 luna,

64 2977 149 3044 atque
162 2963 249 3023 homo
263 2986 280 3022 a
294 2983 326 3021 se
346 2963 409 3043 ipso
423 2961 526 3020 melius
541 2971 738 3042 cognoscatur.
762 2959 857 3042 Atque
876 2961 931 3021 hoc
952 2963 980 3022 ei
1001 2965 1146 3045 simplici-

64 3084 148 3131 tatem
162 3071 323 3154 priscorum
343 3080 410 3128 anto
423 3068 541 3150 speculo
555 3069 669 3149 cognita
686 3067 835 3128 hominum
853 3071 883 3128 in
904 3073 1072 3131 memoriam
1094 3093 1146 3133 ro·

63 3191 164 3253 vocat,
187 3179 360 3261 quibuscum
383 3178 520 3236 seriorem
539 3188 704 3257 corruptam
716 3189 827 3238 utrum
844 3181 1000 3259 componit.

101 3284 138 3345 ln
163 3284 291 3365 lcnpite
308 3279 428 3342 secundi
449 3282 532 3355 libri,
552 3284 603 3362 qui
626 3281 792 3362 praefntione
812 3296 908 3358 coret,
932 3285 987 3344 nisi
1009 3288 1074 3367 quis
1089 3289 1144 3348 trin

62 3392 154 3472 prima
168 3390 253 3470 hujus
268 3389 369 3469 capitis
384 3387 514 3448 membru
529 3385 724 3468 praefationem
739 3409 801 3449 esse
821 3401 922 3469 putet,
945 3391 996 3449 ubi
1013 3391 1032 3471 S
1048 3413 1084 3467 2,
1103 3394 1142 3467 3,

62 3519 142 3559 suam
156 3498 330 3557 naturalium
347 3494 537 3576 quaestionum
558 3494 728 3555 divisionem
744 3497 896 3577 proponit,
914 3509 965 3556 aut
982 3501 1078 3579 potius
1095 3513 1145 3561 to-

60 3618 123 3664 nnn
137 3617 242 3688 caput,
258 3608 289 3663 in
305 3604 388 3683 cujus
409 3615 490 3683 parte
512 3601 623 3682 reliqua
645 3603 793 3682 respondet
814 3604 856 3663 nd
875 3604 1060 3684 objectiones,
1080 3630 1143 3690 qun

61 3711 117 3772 sibi
134 3713 172 3773 dc
184 3713 249 3773 loco
265 3711 429 3794 quaestiouis
445 3709 481 3769 de
496 3721 578 3769 terrae
594 3722 675 3769 motu
686 3711 773 3784 liunt,
789 3710 939 3793 obiterque
955 3716 1091 3776 nonnulla
1107 3716 1145 3777 do

61 3831 137 3878 term
151 3819 255 3900 qnaerit
275 3814 297 3896 4
317 3829 346 3876 ct
362 3814 401 3890 5,
421 3815 526 3896 quibus
540 3815 595 3875 sibi
610 3816 692 3897 quasi
707 3818 782 3876 viam
799 3820 893 3878 munit
908 3820 946 3880 cd
961 3821 1146 3904 subsequen·-

61 3937 120 3983 tem
133 3925 341 4006 quaestionem
357 3935 567 4004 proptereaque
581 3922 635 3982 hoc
650 3937 737 4006 capnt
748 3946 802 4004 pro
816 3925 1000 4007 praeiatione,
1014 3951 1072 4011 qna
1088 3942 1146 3991 tres

59 4032 195 4111 postremi
218 4051 336 4113 quoquc
359 4029 427 4089 libri
448 4042 569 4104 carent,
587 4030 694 4091 habere
718 4032 823 4104 nolim;
850 4034 956 4094 arctius
979 4036 1145 4097 enimcum

58 4140 215 4221 questione
226 4139 291 4221 ipsa
304 4138 439 4214 cobaeret,
449 4159 546 4219 neque
557 4137 667 4199 Seneca
676 4160 695 4198 u
706 4139 793 4200 rebus
806 4153 857 4202 ant
868 4143 1070 4222 qtmstionibus
1082 4145 1146 4204 uui'
