2640 4800
165 370 219 460 viij
316 365 438 435 Novl
461 366 1075 435 EDITORlS‘PRAEMONlTIO.

212 514 285 587 Sed
299 540 376 588 non
394 515 426 587 is
440 513 554 587 solus.
575 514 675 609 Quas
689 512 793 610 enim
810 514 1024 606 Pincianus,
1040 515 1237 616 Opsopoci,

161 656 317 745 Mureti,
327 658 348 728 J
351 655 466 746 ureti,
474 655 669 745 Gronovii,
689 655 737 731 al.
753 656 894 756 passim
906 659 1062 757 jactatas
1070 658 1241 734 animad-

47 791 51 803 ⁴
161 799 353 873 versiones
390 812 628 897 congesserat
656 797 943 898 Rublmpfianus
969 797 1087 890 labor,
1113 783 1239 874 contiss·

159 941 343 1039 uentique
362 940 576 1014 intexuerat
591 926 886 1030 commentario,
911 943 990 1013 sere
1009 940 1240 1016 adverbum

159 1082 404 1172 servavimus,
417 1082 655 1182 paucissimis
665 1081 857 1155 levissime
869 1082 1082 1156 immutatis
1095 1084 1143 1183 (si
1157 1086 1241 1183 qui-

158 1223 254 1295 dem
265 1223 468 1324 archetypa
481 1222 863 1323 recognoscentibus,
882 1223 937 1296 nil
952 1224 1119 1298 occurrit
1134 1226 1241 1326 quod

158 1364 358 1466 Lipsianus
391 1366 515 1440 editor
551 1392 627 1440 non
662 1366 800 1440 merito
832 1353 1058 1441 mandasset
1071 1369 1173 1468 typis
1198 1367 1236 1466 );

155 1530 270 1607 porro
285 1518 323 1580 et
335 1506 572 1580 Fromondus
587 1508 716 1606 magni
733 1507 808 1579 suit
821 1507 955 1581 auxilii
970 1507 1038 1606 qui
1054 1507 1101 1580 ab
1117 1533 1240 1606 aegro-

154 1658 258 1720 tante
285 1645 415 1745 Lipsio
445 1646 663 1744 depositum
694 1642 881 1718 calamum
912 1645 1137 1747 resumpsit,
1167 1671 1238 1720 nec

125 1789 128 1795 ’
153 1788 308 1862 indocte
323 1813 392 1861 seu
414 1785 462 1860 ad
483 1788 768 1888 grammaticam
788 1786 1137 1889 philologicamque
1154 1814 1240 1862 exe-

154 1929 263 2028 gesin
284 1941 453 2029 spectes,
472 1954 539 2000 scu
556 1928 603 2000 ad
621 1928 818 2028 physicam
832 1928 1236 2031 philosophicamque,

152 2067 324 2169 partibus
340 2072 493 2142 functus
509 2082 565 2142 est
584 2071 680 2161 suis3
701 2070 810 2171 plura
824 2083 953 2145 nostro
963 2072 1112 2172 judicio
1130 2073 1238 2146 Ruh-

144 2181 367 2327 implius·
327 2173 454 2288 mimis
454 2166 574 2311 ‚berle
595 2209 773 2282 omiserat
789 2234 909 2309 ,quae
929 2208 1206 2285 decrevimus
1196 2236 1237 2283 m

145 2311 256 2437 lo'ooa
248 2358 542 2480 quaeque-spos
561 2350 759 2422 referenda
778 2361 816 2421 et
835 2349 1054 2448 digerenda.

179 2450 299 2591 Male
307 2481 529 2591 Kmlerrana
560 2491 678 2564 editio
707 2492 789 2563 Nat.
822 2492 961 2586 Quaest.
997 2490 1232 2565 occurrebat.

155 2588 292 2730 Q'nai‘i·
283 2597 416 2734 pillis·
408 2599 592 2734 ·qi1idem
636 2634 717 2707 sine
749 2636 1057 2710 commentario¹
1087 2635 1235 2737 publici

149 2771 253 2874 juris
272 2773 368 2845 sacta
392 2784 472 2863 est,
494 2773 560 2845 sed
583 2781 722 2872 etpost
740 2797 857 2846 annos
877 2773 971 2847 duos
990 2772 1234 2874 amplissimis

154 2926 195 2986 et
219 2910 425 2984 uberrimis
456 2911 557 2984 notis
585 2910 771 2988 illustrata
801 2925 859 2985 est
883 2927 920 3003 ²,
947 2913 999 2984 ita
1026 2925 1071 2989 ut
1087 2912 1233 2989 ditissi-

154 3082 257 3130 mam
274 3065 471 3155 praestaret
489 3052 789 3153 supellectilem,
818 3079 894 3154 qua
912 3054 954 3126 in
967 3055 1230 3145 recensendis,

154 3194 387 3284 evolvendis,
399 3192 643 3287 aestimandis,
656 3173 1137 3286 tumveterumsentcntiis,
1148 3210 1233 3268 tum

154 3349 192 3409 et
205 3312 464 3410 recentiorum
478 3335 701 3428 rationibus,
717 3338 772 3411 nil
785 3337 974 3429 limatius,
987 3339 1042 3412 nil
1061 3337 1235 3412 enuclea-

151 3479 227 3552 tius
242 3479 335 3578 fingi
347 3493 485 3580 potest.
499 3479 653 3554 Utinam
667 3480 775 3554 latini
789 3481 935 3582 eloquii
953 3482 1055 3555 nitor
1071 3495 1150 3557 tam
1164 3506 1234 3554 au-

181 3734 268 3786 ¹Sem
283 3733 350 3786 Nat.
373 3733 476 3805 Quoest.
496 3735 539 3784 lib.
559 3738 619 3797 Vll,
641 3735 771 3802 diligenter
792 3738 931 3804 recogniti,
952 3735 1093 3787 scholarum
1115 3734 1142 3781 in
1160 3749 1233 3784 cmm

153 3819 333 3872 accommodati
344 3839 357 3870 a
368 3822 400 3870 G.
412 3823 444 3870 I).
458 3818 554 3883 Koeler,
573 3818 647 3870 Gott.
663 3820 737 3889 1817.

181 3905 236 3956 ²L.
249 3906 348 3956 Annoei
360 3903 471 3956 Seneca·
489 3903 660 3956 Naturalium
675 3903 856 3975 Quoestionum
866 3906 923 3956 libri
942 3911 1045 3974 septem.
1058 3904 1230 3970 ltecognovit,
1276 3920 1281 3927 ·

150 3992 290 4044 emendarit
300 3998 373 4060 atquc
382 3991 560 4041 commentario
570 3996 691 4059 perpetuo
702 3990 832 4041 illustravit
842 3992 875 4043 G·
887 3992 920 4044 D.
931 3991 1014 4040 ltoeler
1022 3989 1084 4059 phil.
1100 3988 1171 4040 doct:
1184 3978 1241 4037 art.¹

144 4079 189 4129 lib.
202 4095 268 4143 mag.
284 4075 407 4148 gymnasii
418 4071 599 4123 Detmoldeasis
611 4080 700 4124 rector.
714 4073 798 4124 aditio
817 4080 897 4124 morte
907 4074 1013 4127 auctoris
1022 4079 1153 4143 praeventa.
1165 4073 1231 4121 Got·

143 4162 216 4227 tinge
226 4197 233 4221 ,
245 4159 381 4231 sumptibus
392 4155 560 4208 Vsndenhock
569 4162 594 4206 et
603 4157 746 4226 huprecht,
760 4157 834 4224 ¹819.
