2640 4800
496 375 810 449 ramrsrro.
876 334 880 345 ’
1152 412 1188 453 ιι

113 524 275 606 explevisse
301 519 419 582 dicendi
439 533 525 595 sunt,
543 522 653 602 quippe
667 522 719 602 qui
733 543 792 580 non
806 533 866 581 tam
886 522 918 582 id
937 544 969 584 se
983 535 1126 605 spectasse
1140 548 1198 608 prae

113 654 144 692 se
160 632 309 705 tulerunt,
326 641 422 690 utres
440 629 518 710 ipsas
534 627 575 687 ibi
589 640 723 688 metatus
741 642 935 709 exponerent,
952 650 1039 711 quam
1055 642 1088 689 ut
1106 633 1200 713 potius

114 739 289 814 anstiones
309 756 397 817 quam
421 732 654 795 emendatissime
674 732 751 794 foras
770 735 901 796 ederent.
917 735 1005 796 Unde
1019 734 1099 796 haud
1113 737 1201 798 dubie
1234 765 1239 774 ·

114 845 221 906 sactum
241 855 304 915 est,
325 853 360 904 ut
377 841 476 902 multis
493 841 624 922 partibus
644 841 822 903 emendatior
836 842 971 904 evaderet
985 854 1095 915 textus,
1114 834 1213 926 quem

116 965 198 1012 antea
213 950 391 1034 legebatur,
414 969 580 1030 quanquam
603 969 662 1008 non
683 949 724 1009 ita
742 961 888 1010 auctorem
907 969 1115 1032 usquequaque
1129 974 1203 1033 pen-

118 1069 271 1140 purgatum
286 1055 470 1128 obtuderunt,
485 1066 519 1114 ut
534 1054 614 1114 nuilla
628 1054 753 1136 amplius
766 1077 823 1136 ope
834 1056 933 1115 critica
944 1055 1097 1139 indigeret.
1109 1057 1203 1119 Multa

117 1165 193 1224 enim
209 1165 274 1224 loca
296 1173 452 1245 supersunt
472 1183 535 1242 qun
554 1173 654 1242 aperte
675 1173 808 1242 corrupta
826 1174 912 1234 sunt,
933 1161 990 1222 alia
1013 1186 1077 1245 quae
1102 1166 1203 1247 suspi-

117 1273 228 1331 cionem
240 1269 433 1351 corruptionis
442 1266 522 1327 haud
532 1268 667 1348 injustam
679 1268 823 1348 injiciunt.
835 1268 931 1344 Quare
941 1270 997 1329 nisi
1007 1273 1202 1334 recensionem

118 1379 233 1459 plenam
255 1389 285 1438 et
302 1378 408 1457 justam
422 1377 526 1437 offerre
548 1376 709 1457 possimus,
725 1388 822 1436 tamen
836 1379 994 1460 recognitio
1008 1378 1161 1463 diligenter
1174 1393 1203 1442 et

119 1485 212 1544 sobrie
227 1468 357 1544 instituta
372 1482 545 1543 nonnullum
557 1482 627 1543 huic
641 1484 757 1566 egregio
771 1484 854 1564 operi
869 1483 1007 1545 auxilium
1023 1487 1142 1547 allatura
1156 1490 1203 1547 vi·

120 1588 250 1650 debatur.
275 1587 406 1649 Fortasse
428 1602 487 1648 tam
502 1588 634 1650 felicibus
649 1584 733 1649 nobis
749 1609 812 1649 esse
829 1589 994 1673 continget,
1008 1603 1042 1650 ut
1054 1592 1202 1654 Volumini

121 1695 309 1756 subsecuturo
332 1694 460 1756 subsidia
483 1695 641 1771 addamus,
663 1695 768 1778 quibus
787 1707 882 1757 textus
910 1684 1002 1757 multo
1027 1698 1204 1759 emendatior

121 1801 177 1860 tint.
188 1800 236 1860 De
245 1800 292 1861 his
302 1801 332 1860 in
342 1800 509 1881 praefatione
519 1802 566 1861 isti
576 1803 716 1869 volumini
728 1801 926 1884 praemittenda
937 1802 1055 1864 uberius
1065 1803 1204 1886 loquendi

120 1907 198 1970 locus
219 1911 306 1970 erit¹.
330 1908 421 1984 Vale,
443 1908 604 1993 snsdiisque
618 1912 723 1972 nostris
743 1910 819 1971 fave.
843 1912 950 1972 Datum
967 1911 1112 1974 Bilefeldse
1133 1913 1203 1993 ipsis

124 2016 182 2077 Cal.
198 2018 275 2100 Aug.
292 2016 482 2078 MDcchI.
947 2030 950 2035 '

156 2223 214 2273 'De
225 2223 275 2273 illis
289 2221 405 2274 nsbsidiis
416 2240 472 2293 qua
491 2224 530 2276 rel
549 2243 615 2278 nunc
639 2233 777 2296 speram,
797 2225 857 2278 ride
876 2226 972 2279 Presat.
984 2228 1060 2298 primi
1079 2228 1209 2281 voluminis

127 2321 206 2365 nosue
219 2313 279 2366 edit.
294 2333 321 2384 p.
341 2332 380 2366 ιιι
394 2333 446 2385 seq.
