2640 4800
151 282 194 357 38
501 283 547 353 G.
573 283 617 351 D.
642 281 875 351 KOELERI

146 443 264 503 turum,
290 427 423 490 aanor
440 448 503 509 qus
529 426 651 487 arcena
676 437 758 486 emt
781 426 818 487 ae
841 437 902 486 roro
926 404 1033 511 genere
1053 426 1229 486 namnum

147 538 334 620 qaaestionum
350 532 550 616 disponendo,
566 554 630 615 quoe
645 534 725 616 ipsa,
748 544 782 593 ut
800 545 900 615 postea
919 534 1023 594 clarius
1043 532 1227 607 videbimus,

146 643 273 705 secundo
295 644 370 702 libro
390 641 516 722 primum
537 640 633 699 locum
649 638 807 699 vindicant.
825 634 884 700 vix
906 640 965 701 bac
982 642 1022 700 ita
1042 651 1229 721 compactae

142 750 251 829 judicio
262 761 291 808 et
301 770 389 809 manu
401 748 524 806 auctoris
538 758 607 806 sunt
616 744 833 827 protestantia
843 744 930 826 hujus
944 747 1058 829 generis
1072 756 1140 807 sunt
1154 766 1230 827 prae-

145 868 242 929 terea,
256 875 319 934 qus
334 852 435 926 similis
451 852 626 932 disjectiouis
643 854 770 932 speciem
784 872 843 933 prae
856 873 889 913 se
907 850 1100 933 fernum-que
1112 862 1227 924 umen,

146 962 283 1043 quoniam
298 981 398 1019 eorum
413 960 501 1019 series
512 959 628 1020 Senecae
640 960 695 1040 ipsi
711 958 799 1019 tribui
811 971 921 1042 potest,
934 957 1071 1019 edulium
1082 969 1230 1039 posterum

145 1065 241 1126 locum
256 1065 421 1144 rejiciemus
433 1074 468 1124 ut
480 1085 544 1147 quac
564 1062 613 1138 Il,
634 1061 672 1147 47
691 1085 734 1146 sq.
757 1063 824 1138 lll,
846 1061 903 1135 26;
919 1064 974 1139 IV,
995 1065 1036 1126 23
1050 1106 1059 1139 ,
1075 1085 1134 1125 non
1153 1063 1230 1124 bene

147 1192 214 1230 cnm
227 1169 371 1252 prioribus
381 1169 551 1230 cobaerentia
564 1161 841 1231 animadvertuntur.
854 1168 967 1231 Eodem
977 1169 1064 1230 modo
1075 1182 1143 1231 sunt
1153 1169 1209 1231 elia
1219 1214 1228 1244 ,

145 1298 208 1358 qnae
224 1276 353 1358 plurium
370 1277 540 1336 omissorum
561 1274 671 1335 iaciunt
691 1277 810 1357 quidem
825 1277 1040 1358 suspicionem,
1056 1295 1120 1358 quas
1132 1287 1231 1336 umen

146 1405 210 1444 eam
229 1383 292 1443 aliis
310 1380 404 1442 modis
426 1394 561 1464 poterunt
578 1382 721 1456 evadere,
737 1396 771 1442 ut
784 1384 843 1443 suis
858 1383 929 1444 locis
944 1383 1085 1443 monitum
1106 1393 1168 1456 est,
1188 1380 1228 1441 cf.

147 1485 1230 1568 adll‚r,3;30,4;111‚26‚5;1v,3,5;v‚rl‚r;2³,3;

147 1597 254 1679 quibus
267 1597 339 1656 locis
348 1608 449 1656 auctor
459 1597 602 1677 respicere
616 1597 732 1656 videtur
745 1598 800 1656 alia
809 1597 876 1657 Nat.
887 1595 994 1671 Quaest.
1006 1595 1069 1657 loca
1079 1616 1143 1678 qua
1151 1615 1231 1654 nunc

148 1724 206 1763 non
219 1705 279 1784 jam
294 1714 404 1765 extant.
422 1701 470 1762 Ex
490 1701 535 1761 bis
553 1704 641 1784 igitur
656 1715 767 1763 nostras
785 1703 930 1764 naturales
951 1704 1120 1786 questiones
1135 1721 1232 1783 neque

150 1832 214 1872 csse
228 1831 345 1884 omnes,
369 1829 464 1890 neque
479 1828 536 1882 eo,
554 1830 613 1889 quo
628 1829 705 1868 nunc
719 1822 787 1869 sunt
801 1810 903 1870 ordine
917 1814 1096 1872 continuatas
1110 1806 1199 1869 firisse
1215 1830 1233 1867 a

149 1918 279 1991 Seneca,
292 1917 347 1975 etsi
356 1935 415 1974 non
426 1926 551 1987 certum,
565 1927 690 1975 attamen
700 1916 784 1976 valde
795 1914 944 1998 probabile
952 1917 999 1990 lit,
1012 1928 1041 1976 et
1050 1937 1117 1998 pars
1127 1915 1231 1998 eulpa,

150 2045 208 2105 qua
223 2024 332 2084 Seneca
347 2021 481 2094 vacabit,
497 2023 605 2100 majore
617 2023 689 2102 juris
707 2025 803 2104 specie
820 2024 850 2082 in
867 2024 998 2084 librarios
1009 2021 1208 2084 transferetur.

190 2129 256 2188 Alia
270 2128 361 2209 culpe
376 2140 456 2210 parte
471 2127 580 2188 Seneca
595 2128 747 2203 levabitur,
765 2131 790 2188 si
815 2131 989 2202 statuimus,
1009 2150 1075 2188 cum
1095 2149 1152 2189 mn
1170 2127 1235 2186 bu-

149 2236 242 2296 suase
260 2234 406 2295 consilians
423 2244 547 2314 systema
561 2235 685 2295 omnum
701 2237 874 2298 masam
889 2235 1035 2296 condendi.
1058 2234 1146 2294 Primi
1160 2235 1235 2314 qui-

94 2398 95 2402 ,
154 2342 221 2401 dem
237 2342 324 2400 trium
349 2360 436 2421 supra
457 2339 621 2421 praefatione
635 2341 701 2399 libri
717 2340 749 2400 II
762 2343 973 2422 propositorum
996 2361 1134 2422 generum
1148 2361 1234 2422 quse-

151 2448 276 2507 stionum
290 2468 328 2506 ne
339 2448 425 2507 unica
434 2446 552 2526 quidem
563 2447 696 2506 occurrit.
708 2446 811 2526 Neque
820 2459 917 2506 tamen
928 2444 997 2504 inde
1011 2446 1151 2527 sequitur,
1165 2466 1234 2505 eum

151 2555 322 2636 quaestiones
337 2552 374 2613 de
387 2551 443 2612 boc
454 2574 560 2634 genere
575 2552 724 2626 babuisse,
737 2564 787 2612 aut
797 2544 991 2633 proposuisse.
1005 2551 1121 2613 Nullam
1133 2573 1236 2613 earum

151 2661 285 2723 debuisse
304 2659 466 2734 Senecam,
485 2659 531 2720 vel
550 2661 645 2742 arguit
659 2660 721 2740 ipse
732 2701 742 2733 ,
754 2670 871 2718 auctore
886 2660 949 2739 ipso
963 2658 1232 2731 animadvertente,

152 2768 232 2828 locus
246 2768 408 2850 argumenti
428 2766 603 2843 naturalium
623 2766 812 2846 questionum
825 2777 1034 2847 praeposterus,
1061 2785 1118 2845 quo
1138 2765 1235 2824 obiter

150 2894 245 2953 neque
261 2892 313 2933 sno
326 2873 389 2933 loco
404 2872 490 2931 allato
505 2893 537 2931 se
551 2872 606 2931 sibi
622 2871 767 2954 regillam,
778 2891 866 2952 qrram
882 2873 913 2930 in
926 2869 1079 2930 scribendo
1090 2891 1235 2951 sequere·

48 2960 50 2965 ¹
152 2991 210 3054 tur,
225 2980 313 3061 figere
328 2979 475 3053 noluisse,
493 2978 603 3039 Seneca
617 2979 747 3038 indicare
761 2977 887 3038 videtur.
900 2976 1069 3037 Nullatenns
1081 2976 1169 3059 igitur
1184 2998 1235 3036 se-

152 3086 250 3168 quitur
263 3084 348 3158 inde,
371 3105 438 3146 eum
458 3086 648 3166 quaestiones,
669 3105 792 3165 quarum
808 3095 959 3163 percenset
978 3103 1105 3165 genera,
1132 3103 1234 3156 omnes

152 3203 202 3252 aut
215 3190 263 3253 bic
287 3203 337 3251 aut
365 3191 433 3251 alibi
448 3202 594 3251 tractasse.
614 3189 694 3249 Fecit
707 3188 762 3248 boc
776 3188 912 3270 quidem,
928 3202 961 3248 ut
976 3188 1013 3249 de
1030 3189 1151 3272 singulis
1165 3191 1235 3272 qui-

154 3296 277 3359 busdam
287 3310 387 3379 ageret
395 3297 552 3379 sigillatim,
569 3317 597 3353 r.
615 3319 642 3354 c.
659 3297 689 3353 iu
704 3294 777 3355 libro
786 3294 823 3355 de
837 3293 928 3354 forma
938 3293 1050 3368 mundi,
1065 3315 1153 3376 quem
1164 3316 1235 3355 ma-

152 3402 237 3463 nibus
253 3405 376 3464 versavit
389 3401 525 3463 Boethius
545 3400 691 3462 Geometr.
715 3400 768 3475 ll,
782 3423 847 3483 pag.
877 3398 1002 3482 15-37‚
1019 3411 1122 3482 praeter
1138 3399 1232 3473 alios,

150 3510 188 3569 dc
201 3510 310 3590 quibus
320 3508 389 3568 virle
406 3508 569 3568 Fabricium
581 3507 655 3568 Bibl.
671 3506 735 3567 Lat.
750 3506 781 3566 II
794 3551 804 3581 ,
818 3528 849 3588 p.
868 3503 935 3584 124.
948 3507 1059 3567 Verum
1070 3529 1129 3566 non
1140 3508 1234 3591 magis

148 3615 327 3696 propositum
340 3614 368 3674 ei
383 3626 465 3686 erat,
481 3625 513 3672 ut
528 3613 654 3684 videtur,
670 3612 757 3692 bujus
771 3615 885 3696 generis
898 3615 1069 3694 quaestiones
1079 3613 1231 3695 prolerre,

149 3738 238 3801 quam
251 3720 328 3781 tertii
343 3719 381 3780 (le
394 3720 489 3792 terris,
507 3720 629 3780 arbustis
644 3733 673 3779 et
687 3721 766 3781 satis.
784 3720 917 3802 Singulas
930 3721 1099 3801 questiones
1110 3719 1234 3782 secundi

150 3827 321 3909 plerumque
335 3828 448 3910 generis
463 3826 594 3889 exhibuit
608 3825 736 3900 Lucilio,
752 3829 832 3901 sire,
849 3840 935 3908 pruut
948 3825 1016 3887 huic
1031 3828 1103 3888 utile
1114 3841 1165 3889 aut
1179 3849 1235 3888 vo-

145 3933 217 4015 lupe
231 3946 293 3996 erat
310 3956 358 3996 eas
379 3936 493 4018 legere,
510 3937 569 3995 sive
589 3947 675 4017 prout
690 3937 717 3994 ei
733 3935 783 3994 bas
798 3937 968 4016 quaestiones
982 3935 1132 3996 instituere
1152 3936 1234 3996 libc-

145 4042 205 4103 bat.
222 4043 299 4105 Hine
319 4046 405 4126 igitur
428 4044 536 4106 Seneca
560 4067 619 4104 nou
639 4044 724 4103 debet
748 4045 907 4104 insimulari
927 4047 1044 4105 inscitie
1062 4059 1112 4104 aut
1134 4044 1233 4126 negli-
