<?xml version="1.0" encoding="UTF-8"?>
<!DOCTYPE html PUBLIC "-//W3C//DTD XHTML 1.0 Transitional//EN"
    "http://www.w3.org/TR/xhtml1/DTD/xhtml1-transitional.dtd">
<html xmlns="http://www.w3.org/1999/xhtml" xml:lang="en" lang="en">
 <head>
  <title>
</title>
<meta http-equiv="Content-Type" content="text/html;charset=utf-8" />
  <meta name='ocr-system' content='tesseract 3.04.00' />
  <meta name='ocr-capabilities' content='ocr_page ocr_carea ocr_par ocr_line ocrx_word'/>
</head>
<body>
  <div class='ocr_page' id='page_1' title='image "bibliothecaclas24lemagoog_0035.png"; bbox 0 0 2640 4800; ppageno 0'>
   <div class='ocr_carea' id='block_1_1' title="bbox 187 363 915 437">
    <p class='ocr_par' dir='ltr' id='par_1_1' title="bbox 187 363 915 437">
     <span class='ocr_line' id='line_1_1' title="bbox 187 363 915 437; baseline -0.004 -1"><span class='ocrx_word' id='word_1_1' title='bbox 187 368 227 437; x_wconf 80' lang='lat'><strong>16</strong></span> <span class='ocrx_word' id='word_1_2' title='bbox 528 366 574 434; x_wconf 89' lang='lat' dir='ltr'><strong>G.</strong></span> <span class='ocrx_word' id='word_1_3' title='bbox 600 365 645 433; x_wconf 88' lang='lat' dir='ltr'><strong>D.</strong></span> <span class='ocrx_word' id='word_1_4' title='bbox 672 363 915 433; x_wconf 85' lang='lat' dir='ltr'><strong>KOELERI</strong></span> 
     </span>
    </p>
   </div>
   <div class='ocr_carea' id='block_1_2' title="bbox 179 482 1264 696">
    <p class='ocr_par' dir='ltr' id='par_1_2' title="bbox 179 482 1264 696">
     <span class='ocr_line' id='line_1_2' title="bbox 179 482 1261 590; baseline 0 -16"><span class='ocrx_word' id='word_1_5' title='bbox 179 511 337 574; x_wconf 81' lang='lat' dir='ltr'><strong>versalibus</strong></span> <span class='ocrx_word' id='word_1_6' title='bbox 353 511 393 571; x_wconf 83' lang='lat' dir='ltr'><strong>ad</strong></span> <span class='ocrx_word' id='word_1_7' title='bbox 413 531 474 570; x_wconf 88' lang='lat' dir='ltr'><strong>rem</strong></span> <span class='ocrx_word' id='word_1_8' title='bbox 497 482 711 589; x_wconf 84' lang='lat' dir='ltr'><strong>pertinentibus</strong></span> <span class='ocrx_word' id='word_1_9' title='bbox 725 520 893 590; x_wconf 85' lang='lat' dir='ltr'><strong>argumenta</strong></span> <span class='ocrx_word' id='word_1_10' title='bbox 907 529 1024 568; x_wconf 89' lang='lat' dir='ltr'><strong>suarum</strong></span> <span class='ocrx_word' id='word_1_11' title='bbox 1044 509 1261 590; x_wconf 73' lang='lat' dir='ltr'><strong>praelationum,</strong></span> 
     </span>
     <span class='ocr_line' id='line_1_3' title="bbox 179 614 1264 696; baseline 0.001 -16"><span class='ocrx_word' id='word_1_12' title='bbox 179 619 233 680; x_wconf 86' lang='lat' dir='ltr'><strong>sed</strong></span> <span class='ocrx_word' id='word_1_13' title='bbox 254 615 419 679; x_wconf 86' lang='lat' dir='ltr'><strong>amoribus</strong></span> <span class='ocrx_word' id='word_1_14' title='bbox 441 615 487 674; x_wconf 89' lang='lat' dir='ltr'><strong>sni</strong></span> <span class='ocrx_word' id='word_1_15' title='bbox 501 614 596 695; x_wconf 65' lang='lat' dir='ltr'><strong>seculi</strong></span> <span class='ocrx_word' id='word_1_16' title='bbox 614 616 755 696; x_wconf 81' lang='lat' dir='ltr'>corruptis</span> <span class='ocrx_word' id='word_1_17' title='bbox 774 626 874 696; x_wconf 87' lang='lat' dir='ltr'><strong>petere</strong></span> <span class='ocrx_word' id='word_1_18' title='bbox 894 614 977 675; x_wconf 88' lang='lat' dir='ltr'><strong>solet.</strong></span> <span class='ocrx_word' id='word_1_19' title='bbox 1001 615 1078 676; x_wconf 85' lang='lat' dir='ltr'><strong>Eine</strong></span> <span class='ocrx_word' id='word_1_20' title='bbox 1094 616 1206 679; x_wconf 87' lang='lat' dir='ltr'><strong>accedit</strong></span> <span class='ocrx_word' id='word_1_21' title='bbox 1226 621 1264 681; x_wconf 89' lang='lat' dir='ltr'><strong>ad</strong></span> 
     </span>
    </p>
   </div>
   <div class='ocr_carea' id='block_1_3' title="bbox 86 721 1265 1341">
    <p class='ocr_par' dir='ltr' id='par_1_3' title="bbox 86 721 1265 1341">
     <span class='ocr_line' id='line_1_4' title="bbox 179 721 1265 808; baseline 0 -21"><span class='ocrx_word' id='word_1_22' title='bbox 179 727 314 808; x_wconf 74' lang='lat' dir='ltr'><strong>previam</strong></span> <span class='ocrx_word' id='word_1_23' title='bbox 334 723 372 784; x_wconf 89' lang='lat' dir='ltr'><strong>de</strong></span> <span class='ocrx_word' id='word_1_24' title='bbox 389 721 513 802; x_wconf 71' lang='lat' dir='ltr'><strong>physica</strong></span> <span class='ocrx_word' id='word_1_25' title='bbox 528 721 636 781; x_wconf 73' lang='lat' dir='ltr'><strong>antae</strong></span> <span class='ocrx_word' id='word_1_26' title='bbox 651 721 857 802; x_wconf 74' lang='lat' dir='ltr'><strong>questionem,</strong></span> <span class='ocrx_word' id='word_1_27' title='bbox 876 743 902 781; x_wconf 94' lang='lat' dir='ltr'><strong>c.</strong></span> <span class='ocrx_word' id='word_1_28' title='bbox 921 721 971 795; x_wconf 90' lang='lat'><strong>11,</strong></span> <span class='ocrx_word' id='word_1_29' title='bbox 987 735 1094 802; x_wconf 87' lang='lat' dir='ltr'><strong>quant</strong></span> <span class='ocrx_word' id='word_1_30' title='bbox 1112 745 1198 785; x_wconf 86' lang='lat' dir='ltr'><strong>omne</strong></span> <span class='ocrx_word' id='word_1_31' title='bbox 1214 738 1265 786; x_wconf 91' lang='lat' dir='ltr'><strong>to-</strong></span> 
     </span>
     <span class='ocr_line' id='line_1_5' title="bbox 178 826 1265 914; baseline 0.002 -23"><span class='ocrx_word' id='word_1_32' title='bbox 178 844 256 905; x_wconf 89' lang='lat' dir='ltr'><strong>tum,</strong></span> <span class='ocrx_word' id='word_1_33' title='bbox 270 831 310 889; x_wconf 87' lang='lat' dir='ltr'><strong>ita</strong></span> <span class='ocrx_word' id='word_1_34' title='bbox 320 827 446 888; x_wconf 87' lang='lat' dir='ltr'><strong>mundus</strong></span> <span class='ocrx_word' id='word_1_35' title='bbox 457 838 569 887; x_wconf 85' lang='lat' dir='ltr'><strong>constet</strong></span> <span class='ocrx_word' id='word_1_36' title='bbox 581 848 620 886; x_wconf 76' lang='lat' dir='ltr'><strong>ex</strong></span> <span class='ocrx_word' id='word_1_37' title='bbox 632 826 777 907; x_wconf 77' lang='lat' dir='ltr'><strong>partibus,</strong></span> <span class='ocrx_word' id='word_1_38' title='bbox 794 828 930 909; x_wconf 80' lang='lat' dir='ltr'><strong>aquibus</strong></span> <span class='ocrx_word' id='word_1_39' title='bbox 945 829 975 888; x_wconf 93' lang='lat' dir='ltr'><strong>in</strong></span> <span class='ocrx_word' id='word_1_40' title='bbox 990 827 1099 889; x_wconf 91' lang='lat' dir='ltr'><strong>mundo</strong></span> <span class='ocrx_word' id='word_1_41' title='bbox 1114 829 1265 914; x_wconf 73' lang='lat' dir='ltr'><strong>d&#39;nttnguit</strong></span> 
     </span>
     <span class='ocr_line' id='line_1_6' title="bbox 178 924 1264 1016; baseline 0.002 -20"><span class='ocrx_word' id='word_1_42' title='bbox 178 936 309 996; x_wconf 67' lang='lat' dir='ltr'><strong>manno</strong></span> <span class='ocrx_word' id='word_1_43' title='bbox 323 934 387 994; x_wconf 90' lang='lat' dir='ltr'><strong>loco</strong></span> <span class='ocrx_word' id='word_1_44' title='bbox 408 933 527 1007; x_wconf 84' lang='lat' dir='ltr'><strong>relicta,</strong></span> <span class='ocrx_word' id='word_1_45' title='bbox 554 943 696 1014; x_wconf 89' lang='lat' dir='ltr'><strong>quatenus</strong></span> <span class='ocrx_word' id='word_1_46' title='bbox 721 944 817 1013; x_wconf 89' lang='lat' dir='ltr'><strong>partes</strong></span> <span class='ocrx_word' id='word_1_47' title='bbox 835 954 973 1016; x_wconf 80' lang='lat' dir='ltr'><strong>compage</strong></span> <span class='ocrx_word' id='word_1_48' title='bbox 995 934 1120 1016; x_wconf 77' lang='lat' dir='ltr'><strong>qaudam</strong></span> <span class='ocrx_word' id='word_1_49' title='bbox 1140 924 1217 998; x_wconf 80' lang='lat' dir='ltr'><strong>inter</strong></span> <span class='ocrx_word' id='word_1_50' title='bbox 1232 959 1264 998; x_wconf 87' lang='lat' dir='ltr'><strong>se</strong></span> 
     </span>
     <span class='ocr_line' id='line_1_7' title="bbox 86 1037 1265 1123; baseline 0.003 -23"><span class='ocrx_word' id='word_1_51' title='bbox 86 1079 93 1089; x_wconf 75' lang='lat'><strong>.</strong></span> <span class='ocrx_word' id='word_1_52' title='bbox 179 1049 266 1121; x_wconf 83' lang='lat' dir='ltr'><strong>atque</strong></span> <span class='ocrx_word' id='word_1_53' title='bbox 275 1040 352 1100; x_wconf 88' lang='lat' dir='ltr'><strong>serie</strong></span> <span class='ocrx_word' id='word_1_54' title='bbox 365 1040 501 1101; x_wconf 80' lang='lat' dir='ltr'><strong>continua</strong></span> <span class='ocrx_word' id='word_1_55' title='bbox 513 1037 649 1101; x_wconf 77' lang='lat' dir='ltr'><strong>ordinater</strong></span> <span class='ocrx_word' id='word_1_56' title='bbox 660 1038 750 1099; x_wconf 90' lang='lat' dir='ltr'><strong>oculis</strong></span> <span class='ocrx_word' id='word_1_57' title='bbox 762 1039 792 1098; x_wconf 92' lang='lat' dir='ltr'><strong>in</strong></span> <span class='ocrx_word' id='word_1_58' title='bbox 804 1040 897 1121; x_wconf 84' lang='lat' dir='ltr'><strong>spatio</strong></span> <span class='ocrx_word' id='word_1_59' title='bbox 908 1040 1033 1101; x_wconf 74' lang='lat' dir='ltr'>discerni</span> <span class='ocrx_word' id='word_1_60' title='bbox 1045 1055 1181 1123; x_wconf 76' lang='lat' dir='ltr'><strong>possunt,</strong></span> <span class='ocrx_word' id='word_1_61' title='bbox 1196 1064 1265 1104; x_wconf 83' lang='lat' dir='ltr'><strong>mn—</strong></span> 
     </span>
     <span class='ocr_line' id='line_1_8' title="bbox 178 1145 1264 1231; baseline 0.005 -23"><span class='ocrx_word' id='word_1_62' title='bbox 178 1149 251 1209; x_wconf 84' lang='lat' dir='ltr'><strong>teria</strong></span> <span class='ocrx_word' id='word_1_63' title='bbox 265 1146 344 1208; x_wconf 88' lang='lat' dir='ltr'><strong>unde</strong></span> <span class='ocrx_word' id='word_1_64' title='bbox 359 1159 491 1206; x_wconf 87' lang='lat' dir='ltr'><strong>constant</strong></span> <span class='ocrx_word' id='word_1_65' title='bbox 505 1167 563 1206; x_wconf 92' lang='lat' dir='ltr'><strong>non</strong></span> <span class='ocrx_word' id='word_1_66' title='bbox 578 1147 647 1206; x_wconf 85' lang='lat' dir='ltr'><strong>item</strong></span> <span class='ocrx_word' id='word_1_67' title='bbox 669 1145 725 1206; x_wconf 90' lang='lat' dir='ltr'><strong>Ill.</strong></span> <span class='ocrx_word' id='word_1_68' title='bbox 742 1145 812 1206; x_wconf 81' lang='lat' dir='ltr'><strong>llaec</strong></span> <span class='ocrx_word' id='word_1_69' title='bbox 829 1147 957 1230; x_wconf 81' lang='lat' dir='ltr'><strong>applicat</strong></span> <span class='ocrx_word' id='word_1_70' title='bbox 970 1148 1007 1209; x_wconf 89' lang='lat' dir='ltr'><strong>ad</strong></span> <span class='ocrx_word' id='word_1_71' title='bbox 1024 1171 1110 1220; x_wconf 79' lang='lat' dir='ltr'><strong>aem,</strong></span> <span class='ocrx_word' id='word_1_72' title='bbox 1129 1149 1166 1211; x_wconf 91' lang='lat' dir='ltr'><strong>de</strong></span> <span class='ocrx_word' id='word_1_73' title='bbox 1180 1153 1264 1231; x_wconf 80' lang='lat' dir='ltr'><strong>enjus</strong></span> 
     </span>
     <span class='ocr_line' id='line_1_9' title="bbox 178 1233 1265 1341; baseline 0.002 -27"><span class='ocrx_word' id='word_1_74' title='bbox 178 1263 283 1314; x_wconf 71' lang='lat' dir='ltr'><strong>namra</strong></span> <span class='ocrx_word' id='word_1_75' title='bbox 295 1252 482 1330; x_wconf 68' lang='lat' dir='ltr'><strong>bosnwlogica</strong></span> <span class='ocrx_word' id='word_1_76' title='bbox 496 1251 636 1312; x_wconf 84' lang='lat' dir='ltr'><strong>nonnulla</strong></span> <span class='ocrx_word' id='word_1_77' title='bbox 649 1250 735 1327; x_wconf 88' lang='lat' dir='ltr'><strong>dicit,</strong></span> <span class='ocrx_word' id='word_1_78' title='bbox 751 1233 823 1312; x_wconf 79' lang='lat' dir='ltr'><strong>etat</strong></span> <span class='ocrx_word' id='word_1_79' title='bbox 834 1265 963 1334; x_wconf 81' lang='lat' dir='ltr'><strong>purtem,</strong></span> <span class='ocrx_word' id='word_1_80' title='bbox 976 1277 1064 1341; x_wconf 62' lang='lat' dir='ltr'><strong>qnam</strong></span> <span class='ocrx_word' id='word_1_81' title='bbox 1077 1255 1196 1333; x_wconf 89' lang='lat' dir='ltr'><strong>dicunt,</strong></span> <span class='ocrx_word' id='word_1_82' title='bbox 1213 1278 1265 1316; x_wconf 86' lang='lat' dir='ltr'><strong>es-</strong></span> 
     </span>
    </p>
   </div>
   <div class='ocr_carea' id='block_1_4' title="bbox 172 1357 1310 4105">
    <p class='ocr_par' dir='ltr' id='par_1_4' title="bbox 172 1357 1310 4105">
     <span class='ocr_line' id='line_1_10' title="bbox 179 1357 1264 1442; baseline 0.006 -24"><span class='ocrx_word' id='word_1_83' title='bbox 179 1359 330 1419; x_wconf 86' lang='lat' dir='ltr'><strong>sentialem</strong></span> <span class='ocrx_word' id='word_1_84' title='bbox 346 1381 364 1418; x_wconf 85' lang='lat' dir='ltr'><strong>a</strong></span> <span class='ocrx_word' id='word_1_85' title='bbox 380 1358 462 1438; x_wconf 87' lang='lat' dir='ltr'><strong>quasi</strong></span> <span class='ocrx_word' id='word_1_86' title='bbox 476 1357 605 1437; x_wconf 84' lang='lat' dir='ltr'><strong>partibus</strong></span> <span class='ocrx_word' id='word_1_87' title='bbox 621 1357 819 1434; x_wconf 79' lang='lat' dir='ltr'><strong>disterminat,</strong></span> <span class='ocrx_word' id='word_1_88' title='bbox 843 1361 865 1418; x_wconf 91' lang='lat' dir='ltr'><strong>i.</strong></span> <span class='ocrx_word' id='word_1_89' title='bbox 892 1375 923 1420; x_wconf 82' lang='lat' dir='ltr'><strong>e.·</strong></span> <span class='ocrx_word' id='word_1_90' title='bbox 941 1361 996 1435; x_wconf 92' lang='lat' dir='ltr'><strong>iis,</strong></span> <span class='ocrx_word' id='word_1_91' title='bbox 1018 1381 1082 1442; x_wconf 86' lang='lat' dir='ltr'><strong>quae</strong></span> <span class='ocrx_word' id='word_1_92' title='bbox 1104 1363 1183 1423; x_wconf 82' lang='lat' dir='ltr'><strong>salvo</strong></span> <span class='ocrx_word' id='word_1_93' title='bbox 1204 1372 1264 1424; x_wconf 89' lang='lat' dir='ltr'><strong>toto</strong></span> 
     </span>
     <span class='ocr_line' id='line_1_11' title="bbox 180 1463 1265 1552; baseline 0.003 -26"><span class='ocrx_word' id='word_1_94' title='bbox 180 1466 280 1526; x_wconf 83' lang='lat' dir='ltr'><strong>abesse</strong></span> <span class='ocrx_word' id='word_1_95' title='bbox 300 1477 350 1526; x_wconf 88' lang='lat' dir='ltr'><strong>aut</strong></span> <span class='ocrx_word' id='word_1_96' title='bbox 364 1463 483 1525; x_wconf 88' lang='lat' dir='ltr'><strong>interire</strong></span> <span class='ocrx_word' id='word_1_97' title='bbox 496 1466 629 1546; x_wconf 87' lang='lat' dir='ltr'><strong>possint,</strong></span> <span class='ocrx_word' id='word_1_98' title='bbox 648 1464 704 1539; x_wconf 91' lang='lat' dir='ltr'><strong>IV,</strong></span> <span class='ocrx_word' id='word_1_99' title='bbox 722 1478 752 1525; x_wconf 91' lang='lat' dir='ltr'><strong>et</strong></span> <span class='ocrx_word' id='word_1_100' title='bbox 767 1467 804 1527; x_wconf 93' lang='lat' dir='ltr'><strong>ad</strong></span> <span class='ocrx_word' id='word_1_101' title='bbox 823 1478 948 1543; x_wconf 86' lang='lat' dir='ltr'><strong>terram,</strong></span> <span class='ocrx_word' id='word_1_102' title='bbox 969 1489 1057 1550; x_wconf 87' lang='lat' dir='ltr'><strong>quam</strong></span> <span class='ocrx_word' id='word_1_103' title='bbox 1076 1470 1265 1552; x_wconf 86' lang='lat' dir='ltr'><strong>cosmologice</strong></span> 
     </span>
     <span class='ocr_line' id='line_1_12' title="bbox 180 1570 1265 1659; baseline 0.002 -25"><span class='ocrx_word' id='word_1_104' title='bbox 180 1572 331 1634; x_wconf 80' lang='lat' dir='ltr'><strong>adumbrat</strong></span> <span class='ocrx_word' id='word_1_105' title='bbox 346 1571 387 1632; x_wconf 92' lang='lat' dir='ltr'><strong>V.</strong></span> <span class='ocrx_word' id='word_1_106' title='bbox 399 1570 464 1632; x_wconf 86' lang='lat' dir='ltr'><strong>Jam</strong></span> <span class='ocrx_word' id='word_1_107' title='bbox 476 1571 514 1631; x_wconf 84' lang='lat' dir='ltr'><strong>ad</strong></span> <span class='ocrx_word' id='word_1_108' title='bbox 527 1582 662 1633; x_wconf 68' lang='lat' dir='ltr'><strong>notrorum</strong></span> <span class='ocrx_word' id='word_1_109' title='bbox 676 1573 752 1632; x_wconf 83' lang='lat' dir='ltr'><strong>oerr&#39;s</strong></span> <span class='ocrx_word' id='word_1_110' title='bbox 765 1573 936 1650; x_wconf 69' lang='lat' dir='ltr'><strong>singularius</strong></span> <span class='ocrx_word' id='word_1_111' title='bbox 955 1575 1131 1634; x_wconf 82' lang='lat' dir='ltr'><strong>tractandam</strong></span> <span class='ocrx_word' id='word_1_112' title='bbox 1145 1578 1265 1659; x_wconf 83' lang='lat' dir='ltr'><strong>propius</strong></span> 
     </span>
     <span class='ocr_line' id='line_1_13' title="bbox 179 1679 1266 1765; baseline 0.003 -25"><span class='ocrx_word' id='word_1_113' title='bbox 179 1681 355 1765; x_wconf 77' lang='lat' dir='ltr'><strong>aggreditur,</strong></span> <span class='ocrx_word' id='word_1_114' title='bbox 372 1679 540 1759; x_wconf 84' lang='lat' dir='ltr'><strong>derivatque</strong></span> <span class='ocrx_word' id='word_1_115' title='bbox 554 1700 591 1737; x_wconf 83' lang='lat' dir='ltr'><strong>ex</strong></span> <span class='ocrx_word' id='word_1_116' title='bbox 606 1680 667 1757; x_wconf 86' lang='lat' dir='ltr'><strong>ejas</strong></span> <span class='ocrx_word' id='word_1_117' title='bbox 683 1679 815 1751; x_wconf 88' lang='lat' dir='ltr'><strong>unitate,</strong></span> <span class='ocrx_word' id='word_1_118' title='bbox 833 1700 920 1759; x_wconf 89' lang='lat' dir='ltr'><strong>quam</strong></span> <span class='ocrx_word' id='word_1_119' title='bbox 935 1682 1067 1742; x_wconf 89' lang='lat' dir='ltr'><strong>nonnulli</strong></span> <span class='ocrx_word' id='word_1_120' title='bbox 1084 1682 1189 1762; x_wconf 82' lang='lat' dir='ltr'><strong>injuria</strong></span> <span class='ocrx_word' id='word_1_121' title='bbox 1207 1704 1266 1743; x_wconf 86' lang='lat' dir='ltr'><strong>ne-</strong></span> 
     </span>
     <span class='ocr_line' id='line_1_14' title="bbox 179 1783 1265 1870; baseline 0.001 -23"><span class='ocrx_word' id='word_1_122' title='bbox 179 1799 266 1870; x_wconf 82' lang='lat' dir='ltr'><strong>gent,</strong></span> <span class='ocrx_word' id='word_1_123' title='bbox 285 1786 347 1865; x_wconf 83' lang='lat' dir='ltr'><strong>ejus</strong></span> <span class='ocrx_word' id='word_1_124' title='bbox 361 1783 562 1852; x_wconf 70' lang='lat' dir='ltr'><strong>immeritam,</strong></span> <span class='ocrx_word' id='word_1_125' title='bbox 580 1785 601 1841; x_wconf 91' lang='lat' dir='ltr'><strong>i.</strong></span> <span class='ocrx_word' id='word_1_126' title='bbox 629 1803 655 1842; x_wconf 87' lang='lat' dir='ltr'><strong>e.</strong></span> <span class='ocrx_word' id='word_1_127' title='bbox 677 1784 738 1843; x_wconf 79' lang='lat' dir='ltr'><strong>vim</strong></span> <span class='ocrx_word' id='word_1_128' title='bbox 754 1784 919 1846; x_wconf 71' lang='lat' dir='ltr'><strong>cobosionis</strong></span> <span class='ocrx_word' id='word_1_129' title='bbox 934 1799 983 1846; x_wconf 88' lang='lat' dir='ltr'><strong>aut</strong></span> <span class='ocrx_word' id='word_1_130' title='bbox 998 1786 1159 1862; x_wconf 88' lang='lat' dir='ltr'><strong>elasticam,</strong></span> <span class='ocrx_word' id='word_1_131' title='bbox 1176 1810 1265 1870; x_wconf 85' lang='lat' dir='ltr'><strong>quam</strong></span> 
     </span>
     <span class='ocr_line' id='line_1_15' title="bbox 179 1888 1265 1976; baseline 0.001 -22"><span class='ocrx_word' id='word_1_132' title='bbox 179 1892 320 1972; x_wconf 86' lang='lat' dir='ltr'><strong>exemplis</strong></span> <span class='ocrx_word' id='word_1_133' title='bbox 337 1889 474 1962; x_wconf 87' lang='lat' dir='ltr'><strong>illustrat,</strong></span> <span class='ocrx_word' id='word_1_134' title='bbox 488 1889 607 1969; x_wconf 84' lang='lat' dir='ltr'><strong>ejusque</strong></span> <span class='ocrx_word' id='word_1_135' title='bbox 615 1888 769 1950; x_wconf 87' lang='lat' dir='ltr'><strong>utilitatem</strong></span> <span class='ocrx_word' id='word_1_136' title='bbox 779 1891 906 1951; x_wconf 85' lang='lat' dir='ltr'><strong>ostendit</strong></span> <span class='ocrx_word' id='word_1_137' title='bbox 918 1891 982 1967; x_wconf 93' lang='lat' dir='ltr'><strong>VI,</strong></span> <span class='ocrx_word' id='word_1_138' title='bbox 1000 1891 1176 1976; x_wconf 81' lang='lat' dir='ltr'><strong>refntntquc,</strong></span> <span class='ocrx_word' id='word_1_139' title='bbox 1189 1916 1265 1976; x_wconf 91' lang='lat' dir='ltr'><strong>quos</strong></span> 
     </span>
     <span class='ocr_line' id='line_1_16' title="bbox 179 1984 1264 2079; baseline 0.004 -21"><span class='ocrx_word' id='word_1_140' title='bbox 179 1997 266 2058; x_wconf 89' lang='lat' dir='ltr'><strong>modo</strong></span> <span class='ocrx_word' id='word_1_141' title='bbox 282 1984 413 2077; x_wconf 84' lang='lat' dir='ltr'><strong>tetigerat</strong></span> <span class='ocrx_word' id='word_1_142' title='bbox 424 2038 432 2068; x_wconf 94' lang='lat'><strong>,</strong></span> <span class='ocrx_word' id='word_1_143' title='bbox 443 1995 552 2054; x_wconf 81' lang='lat' dir='ltr'><strong>nemin</strong></span> <span class='ocrx_word' id='word_1_144' title='bbox 562 1997 720 2075; x_wconf 82' lang='lat' dir='ltr'><strong>particulos</strong></span> <span class='ocrx_word' id='word_1_145' title='bbox 732 1997 884 2058; x_wconf 67' lang='lat' dir='ltr'><strong>dividentes</strong></span> <span class='ocrx_word' id='word_1_146' title='bbox 897 1997 975 2072; x_wconf 90' lang='lat' dir='ltr'><strong>VII,</strong></span> <span class='ocrx_word' id='word_1_147' title='bbox 987 2001 1068 2079; x_wconf 87' lang='lat' dir='ltr'><strong>eujus</strong></span> <span class='ocrx_word' id='word_1_148' title='bbox 1080 2001 1264 2062; x_wconf 81' lang='lat' dir='ltr'><strong>intensionem</strong></span> 
     </span>
     <span class='ocr_line' id='line_1_17' title="bbox 181 2101 1267 2189; baseline 0.004 -24"><span class='ocrx_word' id='word_1_149' title='bbox 181 2104 264 2165; x_wconf 89' lang='lat' dir='ltr'><strong>novis</strong></span> <span class='ocrx_word' id='word_1_150' title='bbox 276 2101 454 2162; x_wconf 88' lang='lat' dir='ltr'><strong>documentis</strong></span> <span class='ocrx_word' id='word_1_151' title='bbox 466 2102 590 2161; x_wconf 84' lang='lat' dir='ltr'><strong>inculcat</strong></span> <span class='ocrx_word' id='word_1_152' title='bbox 597 2101 689 2173; x_wconf 89' lang='lat' dir='ltr'><strong>VIII,</strong></span> <span class='ocrx_word' id='word_1_153' title='bbox 706 2105 735 2163; x_wconf 85' lang='lat' dir='ltr'><strong>oi</strong></span> <span class='ocrx_word' id='word_1_154' title='bbox 746 2103 907 2184; x_wconf 84' lang='lat' dir='ltr'><strong>imprimis,</strong></span> <span class='ocrx_word' id='word_1_155' title='bbox 923 2127 1010 2186; x_wconf 87' lang='lat' dir='ltr'><strong>quarn</strong></span> <span class='ocrx_word' id='word_1_156' title='bbox 1021 2107 1051 2166; x_wconf 90' lang='lat' dir='ltr'><strong>in</strong></span> <span class='ocrx_word' id='word_1_157' title='bbox 1062 2129 1166 2189; x_wconf 82' lang='lat' dir='ltr'><strong>aquam</strong></span> <span class='ocrx_word' id='word_1_158' title='bbox 1177 2129 1267 2169; x_wconf 86' lang='lat' dir='ltr'><strong>exer-</strong></span> 
     </span>
     <span class='ocr_line' id='line_1_18' title="bbox 181 2207 1266 2297; baseline 0.004 -27"><span class='ocrx_word' id='word_1_159' title='bbox 181 2222 245 2270; x_wconf 86' lang='lat' dir='ltr'><strong>ceat</strong></span> <span class='ocrx_word' id='word_1_160' title='bbox 255 2254 264 2283; x_wconf 93' lang='lat'><strong>,</strong></span> <span class='ocrx_word' id='word_1_161' title='bbox 277 2221 305 2269; x_wconf 91' lang='lat' dir='ltr'><strong>et</strong></span> <span class='ocrx_word' id='word_1_162' title='bbox 317 2209 347 2268; x_wconf 84' lang='lat' dir='ltr'><strong>in</strong></span> <span class='ocrx_word' id='word_1_163' title='bbox 356 2208 449 2268; x_wconf 84' lang='lat' dir='ltr'><strong>solido</strong></span> <span class='ocrx_word' id='word_1_164' title='bbox 460 2229 578 2288; x_wconf 82' lang='lat' dir='ltr'><strong>corporo</strong></span> <span class='ocrx_word' id='word_1_165' title='bbox 586 2207 640 2268; x_wconf 85' lang='lat' dir='ltr'><strong>IX.</strong></span> <span class='ocrx_word' id='word_1_166' title='bbox 655 2209 820 2292; x_wconf 87' lang='lat' dir='ltr'><strong>Sequuntur</strong></span> <span class='ocrx_word' id='word_1_167' title='bbox 829 2212 892 2272; x_wconf 85' lang='lat' dir='ltr'><strong>aliae</strong></span> <span class='ocrx_word' id='word_1_168' title='bbox 902 2213 1090 2294; x_wconf 80' lang='lat' dir='ltr'><strong>proprietates</strong></span> <span class='ocrx_word' id='word_1_169' title='bbox 1102 2214 1176 2274; x_wconf 87' lang='lat' dir='ltr'><strong>neris</strong></span> <span class='ocrx_word' id='word_1_170' title='bbox 1186 2213 1266 2297; x_wconf 84' lang='lat' dir='ltr'><strong>pby-</strong></span> 
     </span>
     <span class='ocr_line' id='line_1_19' title="bbox 181 2316 1266 2403; baseline 0.003 -24"><span class='ocrx_word' id='word_1_171' title='bbox 181 2319 246 2379; x_wconf 76' lang='lat' dir='ltr'><strong>sice</strong></span> <span class='ocrx_word' id='word_1_172' title='bbox 260 2329 311 2377; x_wconf 90' lang='lat' dir='ltr'><strong>aut</strong></span> <span class='ocrx_word' id='word_1_173' title='bbox 323 2318 418 2391; x_wconf 85' lang='lat' dir='ltr'><strong>vires,</strong></span> <span class='ocrx_word' id='word_1_174' title='bbox 435 2316 514 2397; x_wconf 91' lang='lat' dir='ltr'><strong>qnod</strong></span> <span class='ocrx_word' id='word_1_175' title='bbox 529 2329 587 2376; x_wconf 87' lang='lat' dir='ltr'><strong>tam</strong></span> <span class='ocrx_word' id='word_1_176' title='bbox 603 2317 660 2377; x_wconf 87' lang='lat' dir='ltr'><strong>late</strong></span> <span class='ocrx_word' id='word_1_177' title='bbox 674 2320 859 2379; x_wconf 89' lang='lat' dir='ltr'><strong>circumcirca</strong></span> <span class='ocrx_word' id='word_1_178' title='bbox 874 2320 911 2380; x_wconf 89' lang='lat' dir='ltr'><strong>sit</strong></span> <span class='ocrx_word' id='word_1_179' title='bbox 925 2341 1084 2400; x_wconf 71' lang='lat' dir='ltr'><strong>expansus,</strong></span> <span class='ocrx_word' id='word_1_180' title='bbox 1101 2323 1199 2382; x_wconf 83' lang='lat' dir='ltr'><strong>omnia</strong></span> <span class='ocrx_word' id='word_1_181' title='bbox 1211 2344 1266 2403; x_wconf 83' lang='lat' dir='ltr'><strong>pe·</strong></span> 
     </span>
     <span class='ocr_line' id='line_1_20' title="bbox 181 2424 1262 2510; baseline 0.002 -24"><span class='ocrx_word' id='word_1_182' title='bbox 181 2435 271 2486; x_wconf 81' lang='lat' dir='ltr'><strong>netret</strong></span> <span class='ocrx_word' id='word_1_183' title='bbox 287 2424 437 2493; x_wconf 78' lang='lat' dir='ltr'><strong>tenuitate,</strong></span> <span class='ocrx_word' id='word_1_184' title='bbox 456 2434 485 2482; x_wconf 88' lang='lat' dir='ltr'><strong>et</strong></span> <span class='ocrx_word' id='word_1_185' title='bbox 501 2424 645 2501; x_wconf 69' lang='lat' dir='ltr'><strong>agitatae,</strong></span> <span class='ocrx_word' id='word_1_186' title='bbox 667 2445 804 2505; x_wconf 89' lang='lat' dir='ltr'><strong>quacum</strong></span> <span class='ocrx_word' id='word_1_187' title='bbox 821 2427 884 2484; x_wconf 87' lang='lat' dir='ltr'><strong>aliis</strong></span> <span class='ocrx_word' id='word_1_188' title='bbox 899 2426 1047 2486; x_wconf 88' lang='lat' dir='ltr'><strong>elementis</strong></span> <span class='ocrx_word' id='word_1_189' title='bbox 1062 2441 1262 2510; x_wconf 86' lang='lat' dir='ltr'><strong>comparatur,</strong></span> 
     </span>
     <span class='ocr_line' id='line_1_21' title="bbox 172 2531 1262 2615; baseline 0.003 -23"><span class='ocrx_word' id='word_1_190' title='bbox 172 2533 301 2615; x_wconf 80' lang='lat' dir='ltr'><strong>sngidns</strong></span> <span class='ocrx_word' id='word_1_191' title='bbox 316 2532 434 2613; x_wconf 89' lang='lat' dir='ltr'><strong>quidem</strong></span> <span class='ocrx_word' id='word_1_192' title='bbox 451 2553 550 2613; x_wconf 89' lang='lat' dir='ltr'><strong>perse</strong></span> <span class='ocrx_word' id='word_1_193' title='bbox 566 2544 653 2613; x_wconf 87' lang='lat' dir='ltr'><strong>atque</strong></span> <span class='ocrx_word' id='word_1_194' title='bbox 669 2533 802 2594; x_wconf 73' lang='lat' dir='ltr'><strong>obscuras</strong></span> <span class='ocrx_word' id='word_1_195' title='bbox 817 2535 872 2607; x_wconf 90' lang='lat' dir='ltr'><strong>sit,</strong></span> <span class='ocrx_word' id='word_1_196' title='bbox 887 2556 945 2615; x_wconf 91' lang='lat' dir='ltr'><strong>quo</strong></span> <span class='ocrx_word' id='word_1_197' title='bbox 958 2531 1082 2615; x_wconf 64' lang='lat' dir='ltr'><strong>differat</strong></span> <span class='ocrx_word' id='word_1_198' title='bbox 1092 2536 1130 2595; x_wconf 87' lang='lat' dir='ltr'><strong>ob</strong></span> <span class='ocrx_word' id='word_1_199' title='bbox 1145 2536 1262 2606; x_wconf 76' lang='lat' dir='ltr'><strong>athen,</strong></span> 
     </span>
     <span class='ocr_line' id='line_1_22' title="bbox 181 2638 1266 2722; baseline -0.001 -19"><span class='ocrx_word' id='word_1_200' title='bbox 181 2641 233 2702; x_wconf 89' lang='lat' dir='ltr'><strong>sed</strong></span> <span class='ocrx_word' id='word_1_201' title='bbox 250 2640 375 2701; x_wconf 85' lang='lat' dir='ltr'><strong>externis</strong></span> <span class='ocrx_word' id='word_1_202' title='bbox 392 2640 484 2699; x_wconf 84' lang='lat' dir='ltr'><strong>causis</strong></span> <span class='ocrx_word' id='word_1_203' title='bbox 501 2639 531 2696; x_wconf 91' lang='lat' dir='ltr'><strong>in</strong></span> <span class='ocrx_word' id='word_1_204' title='bbox 548 2638 635 2697; x_wconf 80' lang='lat' dir='ltr'><strong>variis</strong></span> <span class='ocrx_word' id='word_1_205' title='bbox 652 2640 711 2697; x_wconf 89' lang='lat' dir='ltr'><strong>suis</strong></span> <span class='ocrx_word' id='word_1_206' title='bbox 733 2639 899 2720; x_wconf 86' lang='lat' dir='ltr'><strong>regionibus</strong></span> <span class='ocrx_word' id='word_1_207' title='bbox 921 2662 974 2721; x_wconf 87' lang='lat' dir='ltr'><strong>per</strong></span> <span class='ocrx_word' id='word_1_208' title='bbox 992 2643 1101 2700; x_wconf 89' lang='lat' dir='ltr'><strong>variam</strong></span> <span class='ocrx_word' id='word_1_209' title='bbox 1115 2654 1266 2722; x_wconf 84' lang='lat' dir='ltr'><strong>tempera-</strong></span> 
     </span>
     <span class='ocr_line' id='line_1_23' title="bbox 181 2745 1266 2829; baseline -0.001 -21"><span class='ocrx_word' id='word_1_210' title='bbox 181 2760 274 2808; x_wconf 86' lang='lat' dir='ltr'><strong>turam</strong></span> <span class='ocrx_word' id='word_1_211' title='bbox 296 2767 388 2827; x_wconf 81' lang='lat' dir='ltr'><strong>usque</strong></span> <span class='ocrx_word' id='word_1_212' title='bbox 412 2747 442 2805; x_wconf 89' lang='lat' dir='ltr'><strong>in</strong></span> <span class='ocrx_word' id='word_1_213' title='bbox 466 2745 640 2804; x_wconf 85' lang='lat' dir='ltr'><strong>eontrarium</strong></span> <span class='ocrx_word' id='word_1_214' title='bbox 663 2745 780 2803; x_wconf 84' lang='lat' dir='ltr'><strong>affectus</strong></span> <span class='ocrx_word' id='word_1_215' title='bbox 801 2757 887 2826; x_wconf 90' lang='lat' dir='ltr'><strong>atque</strong></span> <span class='ocrx_word' id='word_1_216' title='bbox 908 2747 1033 2806; x_wconf 88' lang='lat' dir='ltr'><strong>afficiens</strong></span> <span class='ocrx_word' id='word_1_217' title='bbox 1057 2745 1096 2806; x_wconf 90' lang='lat' dir='ltr'><strong>X.</strong></span> <span class='ocrx_word' id='word_1_218' title='bbox 1119 2747 1175 2806; x_wconf 89' lang='lat' dir='ltr'><strong>llis</strong></span> <span class='ocrx_word' id='word_1_219' title='bbox 1197 2761 1266 2829; x_wconf 89' lang='lat' dir='ltr'><strong>apte</strong></span> 
     </span>
     <span class='ocr_line' id='line_1_24' title="bbox 180 2851 1265 2935; baseline 0.001 -22"><span class='ocrx_word' id='word_1_220' title='bbox 180 2855 329 2913; x_wconf 87' lang='lat' dir='ltr'><strong>continuat</strong></span> <span class='ocrx_word' id='word_1_221' title='bbox 339 2853 408 2912; x_wconf 84' lang='lat' dir='ltr'><strong>inde</strong></span> <span class='ocrx_word' id='word_1_222' title='bbox 419 2852 597 2912; x_wconf 81' lang='lat' dir='ltr'><strong>exorIentem</strong></span> <span class='ocrx_word' id='word_1_223' title='bbox 612 2851 686 2911; x_wconf 90' lang='lat' dir='ltr'><strong>aeris</strong></span> <span class='ocrx_word' id='word_1_224' title='bbox 696 2851 890 2911; x_wconf 89' lang='lat' dir='ltr'><strong>conditionem</strong></span> <span class='ocrx_word' id='word_1_225' title='bbox 902 2873 919 2910; x_wconf 89' lang='lat' dir='ltr'><strong>a</strong></span> <span class='ocrx_word' id='word_1_226' title='bbox 932 2865 1014 2934; x_wconf 85' lang='lat' dir='ltr'><strong>parte</strong></span> <span class='ocrx_word' id='word_1_227' title='bbox 1025 2853 1265 2935; x_wconf 83' lang='lat' dir='ltr'><strong>meteorologica,</strong></span> 
     </span>
     <span class='ocr_line' id='line_1_25' title="bbox 182 2957 1310 3042; baseline -0.002 -21"><span class='ocrx_word' id='word_1_228' title='bbox 182 2962 212 3020; x_wconf 88' lang='lat' dir='ltr'><strong>in</strong></span> <span class='ocrx_word' id='word_1_229' title='bbox 228 2982 380 3042; x_wconf 77' lang='lat' dir='ltr'><strong>causasque</strong></span> <span class='ocrx_word' id='word_1_230' title='bbox 395 2958 479 3039; x_wconf 79' lang='lat' dir='ltr'><strong>hujus</strong></span> <span class='ocrx_word' id='word_1_231' title='bbox 492 2959 687 3018; x_wconf 51' lang='lat' dir='ltr'><strong>&amp;constantia</strong></span> <span class='ocrx_word' id='word_1_232' title='bbox 702 2958 837 3038; x_wconf 86' lang='lat' dir='ltr'><strong>inquirit,</strong></span> <span class='ocrx_word' id='word_1_233' title='bbox 855 2978 926 3038; x_wconf 86' lang='lat' dir='ltr'><strong>quas</strong></span> <span class='ocrx_word' id='word_1_234' title='bbox 941 2959 1070 3018; x_wconf 89' lang='lat' dir='ltr'><strong>invenire</strong></span> <span class='ocrx_word' id='word_1_235' title='bbox 1082 2957 1137 3017; x_wconf 90' lang='lat' dir='ltr'><strong>sibi</strong></span> <span class='ocrx_word' id='word_1_236' title='bbox 1151 2959 1267 3019; x_wconf 87' lang='lat' dir='ltr'><strong>videtur</strong></span> <span class='ocrx_word' id='word_1_237' title='bbox 1307 2964 1310 2971; x_wconf 87' lang='lat'>&#39;</span> 
     </span>
     <span class='ocr_line' id='line_1_26' title="bbox 186 3048 1264 3144; baseline -0.002 -16"><span class='ocrx_word' id='word_1_238' title='bbox 186 3070 218 3129; x_wconf 88' lang='lat' dir='ltr'><strong>in</strong></span> <span class='ocrx_word' id='word_1_239' title='bbox 234 3068 415 3138; x_wconf 88' lang='lat' dir='ltr'><strong>climatibus,</strong></span> <span class='ocrx_word' id='word_1_240' title='bbox 439 3078 468 3126; x_wconf 91' lang='lat' dir='ltr'><strong>et</strong></span> <span class='ocrx_word' id='word_1_241' title='bbox 491 3066 521 3123; x_wconf 94' lang='lat' dir='ltr'><strong>in</strong></span> <span class='ocrx_word' id='word_1_242' title='bbox 535 3065 657 3124; x_wconf 73' lang='lat' dir='ltr'><strong>silenem</strong></span> <span class='ocrx_word' id='word_1_243' title='bbox 674 3086 770 3133; x_wconf 85' lang='lat' dir='ltr'><strong>curru,</strong></span> <span class='ocrx_word' id='word_1_244' title='bbox 789 3065 858 3124; x_wconf 81' lang='lat' dir='ltr'><strong>solis</strong></span> <span class='ocrx_word' id='word_1_245' title='bbox 873 3048 1053 3144; x_wconf 79' lang='lat' dir='ltr'><strong>potissimum</strong></span> <span class='ocrx_word' id='word_1_246' title='bbox 1069 3087 1101 3124; x_wconf 89' lang='lat' dir='ltr'><strong>ac</strong></span> <span class='ocrx_word' id='word_1_247' title='bbox 1118 3066 1194 3125; x_wconf 75' lang='lat' dir='ltr'><strong>nan</strong></span> <span class='ocrx_word' id='word_1_248' title='bbox 1207 3063 1264 3126; x_wconf 90' lang='lat' dir='ltr'><strong>Xl.</strong></span> 
     </span>
     <span class='ocr_line' id='line_1_27' title="bbox 182 3170 1265 3256; baseline -0.003 -20"><span class='ocrx_word' id='word_1_249' title='bbox 182 3177 258 3236; x_wconf 87' lang='lat' dir='ltr'><strong>Turn</strong></span> <span class='ocrx_word' id='word_1_250' title='bbox 269 3175 306 3235; x_wconf 83' lang='lat' dir='ltr'><strong>dc</strong></span> <span class='ocrx_word' id='word_1_251' title='bbox 322 3173 441 3256; x_wconf 88' lang='lat' dir='ltr'><strong>singulis</strong></span> <span class='ocrx_word' id='word_1_252' title='bbox 451 3171 585 3231; x_wconf 89' lang='lat' dir='ltr'><strong>meteoris</strong></span> <span class='ocrx_word' id='word_1_253' title='bbox 601 3170 747 3252; x_wconf 88' lang='lat' dir='ltr'><strong>disputare</strong></span> <span class='ocrx_word' id='word_1_254' title='bbox 757 3171 862 3253; x_wconf 89' lang='lat' dir='ltr'><strong>coepit,</strong></span> <span class='ocrx_word' id='word_1_255' title='bbox 875 3183 905 3230; x_wconf 89' lang='lat' dir='ltr'><strong>et</strong></span> <span class='ocrx_word' id='word_1_256' title='bbox 918 3171 1036 3252; x_wconf 92' lang='lat' dir='ltr'><strong>quidem</strong></span> <span class='ocrx_word' id='word_1_257' title='bbox 1052 3170 1220 3252; x_wconf 76' lang='lat' dir='ltr'><strong>defislrnine</strong></span> <span class='ocrx_word' id='word_1_258' title='bbox 1231 3195 1265 3233; x_wconf 88' lang='lat' dir='ltr'><strong>ac</strong></span> 
     </span>
     <span class='ocr_line' id='line_1_28' title="bbox 183 3278 1267 3361; baseline -0.001 -21"><span class='ocrx_word' id='word_1_259' title='bbox 183 3285 303 3354; x_wconf 81' lang='lat' dir='ltr'><strong>tonitru,</strong></span> <span class='ocrx_word' id='word_1_260' title='bbox 322 3281 530 3340; x_wconf 89' lang='lat' dir='ltr'><strong>terribilissimo</strong></span> <span class='ocrx_word' id='word_1_261' title='bbox 545 3279 674 3338; x_wconf 90' lang='lat' dir='ltr'><strong>omnium</strong></span> <span class='ocrx_word' id='word_1_262' title='bbox 688 3289 880 3337; x_wconf 91' lang='lat' dir='ltr'><strong>meteororum</strong></span> <span class='ocrx_word' id='word_1_263' title='bbox 893 3291 978 3360; x_wconf 84' lang='lat' dir='ltr'><strong>atque</strong></span> <span class='ocrx_word' id='word_1_264' title='bbox 996 3279 1097 3339; x_wconf 88' lang='lat' dir='ltr'><strong>eodem</strong></span> <span class='ocrx_word' id='word_1_265' title='bbox 1120 3278 1267 3361; x_wconf 74' lang='lat' dir='ltr'><strong>frequen-</strong></span> 
     </span>
     <span class='ocr_line' id='line_1_29' title="bbox 184 3383 1265 3467; baseline -0.002 -19"><span class='ocrx_word' id='word_1_266' title='bbox 184 3390 313 3461; x_wconf 74' lang='lat' dir='ltr'><strong>tissimo,</strong></span> <span class='ocrx_word' id='word_1_267' title='bbox 341 3387 378 3446; x_wconf 85' lang='lat' dir='ltr'><strong>de</strong></span> <span class='ocrx_word' id='word_1_268' title='bbox 406 3408 465 3467; x_wconf 92' lang='lat' dir='ltr'><strong>quo</strong></span> <span class='ocrx_word' id='word_1_269' title='bbox 485 3385 708 3465; x_wconf 87' lang='lat' dir='ltr'><strong>disputationem</strong></span> <span class='ocrx_word' id='word_1_270' title='bbox 722 3383 899 3464; x_wconf 88' lang='lat' dir='ltr'><strong>acap.XII</strong></span> <span class='ocrx_word' id='word_1_271' title='bbox 921 3385 1070 3466; x_wconf 87' lang='lat' dir='ltr'><strong>usquead</strong></span> <span class='ocrx_word' id='word_1_272' title='bbox 1094 3386 1160 3446; x_wconf 85' lang='lat' dir='ltr'><strong>libri</strong></span> <span class='ocrx_word' id='word_1_273' title='bbox 1175 3386 1265 3446; x_wconf 88' lang='lat' dir='ltr'><strong>finem</strong></span> 
     </span>
     <span class='ocr_line' id='line_1_30' title="bbox 183 3489 1266 3572; baseline -0.005 -16"><span class='ocrx_word' id='word_1_274' title='bbox 183 3496 223 3556; x_wconf 88' lang='lat' dir='ltr'><strong>ita</strong></span> <span class='ocrx_word' id='word_1_275' title='bbox 237 3495 370 3567; x_wconf 88' lang='lat' dir='ltr'><strong>deducit,</strong></span> <span class='ocrx_word' id='word_1_276' title='bbox 388 3506 434 3564; x_wconf 86' lang='lat' dir='ltr'><strong>ut,</strong></span> <span class='ocrx_word' id='word_1_277' title='bbox 459 3491 559 3572; x_wconf 89' lang='lat' dir='ltr'><strong>paucis</strong></span> <span class='ocrx_word' id='word_1_278' title='bbox 574 3489 610 3549; x_wconf 90' lang='lat' dir='ltr'><strong>de</strong></span> <span class='ocrx_word' id='word_1_279' title='bbox 628 3489 780 3549; x_wconf 80' lang='lat' dir='ltr'><strong>fulminum</strong></span> <span class='ocrx_word' id='word_1_280' title='bbox 796 3491 961 3551; x_wconf 85' lang='lat' dir='ltr'><strong>discrimine</strong></span> <span class='ocrx_word' id='word_1_281' title='bbox 983 3491 1062 3551; x_wconf 88' lang='lat' dir='ltr'><strong>etde</strong></span> <span class='ocrx_word' id='word_1_282' title='bbox 1078 3502 1145 3551; x_wconf 78' lang='lat' dir='ltr'><strong>noto</strong></span> <span class='ocrx_word' id='word_1_283' title='bbox 1164 3513 1266 3552; x_wconf 88' lang='lat' dir='ltr'><strong>eorum</strong></span> 
     </span>
     <span class='ocr_line' id='line_1_31' title="bbox 184 3596 1267 3681; baseline -0.002 -20"><span class='ocrx_word' id='word_1_284' title='bbox 184 3614 293 3680; x_wconf 76' lang='lat' dir='ltr'><strong>naturae</strong></span> <span class='ocrx_word' id='word_1_285' title='bbox 299 3609 383 3681; x_wconf 79' lang='lat' dir='ltr'><strong>porte</strong></span> <span class='ocrx_word' id='word_1_286' title='bbox 391 3598 560 3680; x_wconf 85' lang='lat' dir='ltr'><strong>praemissis,</strong></span> <span class='ocrx_word' id='word_1_287' title='bbox 577 3596 614 3656; x_wconf 88' lang='lat' dir='ltr'><strong>dc</strong></span> <span class='ocrx_word' id='word_1_288' title='bbox 624 3598 803 3658; x_wconf 69' lang='lat' dir='ltr'><strong>controversis</strong></span> <span class='ocrx_word' id='word_1_289' title='bbox 811 3597 969 3679; x_wconf 87' lang='lat' dir='ltr'><strong>disceptet,</strong></span> <span class='ocrx_word' id='word_1_290' title='bbox 982 3599 1103 3658; x_wconf 85' lang='lat' dir='ltr'><strong>aliorum</strong></span> <span class='ocrx_word' id='word_1_291' title='bbox 1112 3601 1267 3659; x_wconf 83' lang='lat' dir='ltr'><strong>sententias</strong></span> 
     </span>
     <span class='ocr_line' id='line_1_32' title="bbox 184 3695 1266 3786; baseline -0.003 -18"><span class='ocrx_word' id='word_1_292' title='bbox 184 3715 323 3768; x_wconf 82' lang='lat' dir='ltr'><strong>enarrans</strong></span> <span class='ocrx_word' id='word_1_293' title='bbox 338 3704 499 3785; x_wconf 86' lang='lat' dir='ltr'><strong>etquidem</strong></span> <span class='ocrx_word' id='word_1_294' title='bbox 515 3695 718 3781; x_wconf 63' lang='lat' dir='ltr'><strong>Anaxagora,</strong></span> <span class='ocrx_word' id='word_1_295' title='bbox 737 3704 884 3785; x_wconf 85' lang='lat' dir='ltr'><strong>multoque</strong></span> <span class='ocrx_word' id='word_1_296' title='bbox 904 3704 989 3764; x_wconf 85' lang='lat' dir='ltr'><strong>latius</strong></span> <span class='ocrx_word' id='word_1_297' title='bbox 1006 3702 1185 3775; x_wconf 70' lang='lat' dir='ltr'><strong>Arestotelb,</strong></span> <span class='ocrx_word' id='word_1_298' title='bbox 1202 3727 1266 3786; x_wconf 84' lang='lat' dir='ltr'><strong>quae</strong></span> 
     </span>
     <span class='ocr_line' id='line_1_33' title="bbox 186 3808 1267 3894; baseline -0.001 -21"><span class='ocrx_word' id='word_1_299' title='bbox 186 3814 258 3875; x_wconf 89' lang='lat' dir='ltr'><strong>duas</strong></span> <span class='ocrx_word' id='word_1_300' title='bbox 280 3814 427 3894; x_wconf 76' lang='lat' dir='ltr'><strong>proximas</strong></span> <span class='ocrx_word' id='word_1_301' title='bbox 447 3811 587 3871; x_wconf 87' lang='lat' dir='ltr'><strong>sectiones</strong></span> <span class='ocrx_word' id='word_1_302' title='bbox 602 3808 678 3871; x_wconf 88' lang='lat' dir='ltr'><strong>Xlll</strong></span> <span class='ocrx_word' id='word_1_303' title='bbox 700 3821 728 3869; x_wconf 89' lang='lat' dir='ltr'><strong>et</strong></span> <span class='ocrx_word' id='word_1_304' title='bbox 742 3808 816 3872; x_wconf 86' lang='lat' dir='ltr'><strong>XIV</strong></span> <span class='ocrx_word' id='word_1_305' title='bbox 832 3824 962 3892; x_wconf 85' lang='lat' dir='ltr'><strong>occupat.</strong></span> <span class='ocrx_word' id='word_1_306' title='bbox 981 3811 1162 3883; x_wconf 67' lang='lat' dir='ltr'><strong>Aristotelem</strong></span> <span class='ocrx_word' id='word_1_307' title='bbox 1182 3814 1267 3872; x_wconf 80' lang='lat' dir='ltr'><strong>exci-</strong></span> 
     </span>
     <span class='ocr_line' id='line_1_34' title="bbox 184 3915 1266 4004; baseline -0.002 -23"><span class='ocrx_word' id='word_1_308' title='bbox 184 3922 270 4004; x_wconf 86' lang='lat' dir='ltr'><strong>pitmt</strong></span> <span class='ocrx_word' id='word_1_309' title='bbox 284 3920 376 3982; x_wconf 57' lang='lat' dir='ltr'><strong>Stoici</strong></span> <span class='ocrx_word' id='word_1_310' title='bbox 382 3917 456 3993; x_wconf 88' lang='lat' dir='ltr'><strong>XV,</strong></span> <span class='ocrx_word' id='word_1_311' title='bbox 479 3918 584 3999; x_wconf 90' lang='lat' dir='ltr'><strong>quibus</strong></span> <span class='ocrx_word' id='word_1_312' title='bbox 601 3939 660 3975; x_wconf 88' lang='lat' dir='ltr'><strong>non</strong></span> <span class='ocrx_word' id='word_1_313' title='bbox 671 3916 722 3975; x_wconf 92' lang='lat' dir='ltr'><strong>diu</strong></span> <span class='ocrx_word' id='word_1_314' title='bbox 738 3915 860 3976; x_wconf 89' lang='lat' dir='ltr'><strong>detentis</strong></span> <span class='ocrx_word' id='word_1_315' title='bbox 876 3940 968 3998; x_wconf 88' lang='lat' dir='ltr'><strong>pauca</strong></span> <span class='ocrx_word' id='word_1_316' title='bbox 988 3941 1039 3977; x_wconf 88' lang='lat' dir='ltr'><strong>sua</strong></span> <span class='ocrx_word' id='word_1_317' title='bbox 1062 3919 1099 3979; x_wconf 92' lang='lat' dir='ltr'><strong>de</strong></span> <span class='ocrx_word' id='word_1_318' title='bbox 1105 3916 1266 4000; x_wconf 78' lang='lat' dir='ltr'><strong>fislminum</strong></span> 
     </span>
     <span class='ocr_line' id='line_1_35' title="bbox 183 4022 1266 4105; baseline -0.001 -19"><span class='ocrx_word' id='word_1_319' title='bbox 183 4027 345 4089; x_wconf 68' lang='lat' dir='ltr'><strong>dbcrimine</strong></span> <span class='ocrx_word' id='word_1_320' title='bbox 360 4026 545 4104; x_wconf 79' lang='lat' dir='ltr'><strong>interlocutus</strong></span> <span class='ocrx_word' id='word_1_321' title='bbox 557 4022 646 4096; x_wconf 91' lang='lat' dir='ltr'><strong>XVI,</strong></span> <span class='ocrx_word' id='word_1_322' title='bbox 657 4044 807 4083; x_wconf 87' lang='lat' dir='ltr'><strong>recensum</strong></span> <span class='ocrx_word' id='word_1_323' title='bbox 823 4024 882 4105; x_wconf 89' lang='lat' dir='ltr'><strong>agit</strong></span> <span class='ocrx_word' id='word_1_324' title='bbox 892 4025 1060 4105; x_wconf 90' lang='lat' dir='ltr'><strong>opinionum</strong></span> <span class='ocrx_word' id='word_1_325' title='bbox 1074 4025 1266 4085; x_wconf 65' lang='lat' dir='ltr'><strong>manasseto</strong></span> 
     </span>
    </p>
   </div>
   <div class='ocr_carea' id='block_1_5' title="bbox 186 4128 1267 4209">
    <p class='ocr_par' dir='ltr' id='par_1_5' title="bbox 186 4128 1267 4209">
     <span class='ocr_line' id='line_1_36' title="bbox 186 4128 1267 4209; baseline -0.004 -14"><span class='ocrx_word' id='word_1_326' title='bbox 186 4132 368 4209; x_wconf 88' lang='lat' dir='ltr'><strong>XVII-XX,</strong></span> <span class='ocrx_word' id='word_1_327' title='bbox 396 4131 587 4194; x_wconf 57' lang='lat' dir='ltr'><strong>Auentinensi</strong></span> <span class='ocrx_word' id='word_1_328' title='bbox 610 4128 724 4203; x_wconf 89' lang='lat' dir='ltr'><strong>XVII,</strong></span> <span class='ocrx_word' id='word_1_329' title='bbox 752 4128 969 4190; x_wconf 75' lang='lat' dir='ltr'><strong>Ananinandri</strong></span> <span class='ocrx_word' id='word_1_330' title='bbox 988 4129 1115 4206; x_wconf 89' lang='lat' dir='ltr'><strong>XVIII,</strong></span> <span class='ocrx_word' id='word_1_331' title='bbox 1138 4128 1267 4193; x_wconf 76' lang='lat' dir='ltr'><strong>Anaxa·</strong></span> 
     </span>
    </p>
   </div>
   <div class='ocr_carea' id='block_1_6' title="bbox 0 0 1330 4800">
    <p class='ocr_par' dir='ltr' id='par_1_6' title="bbox 0 0 1330 4800">
     <span class='ocr_line' id='line_1_37' title="bbox 0 0 1330 4800; baseline 0 0"><span class='ocrx_word' id='word_1_332' title='bbox 0 0 1330 4800; x_wconf 95' lang='lat' dir='ltr'><strong> </strong></span> 
     </span>
    </p>
   </div>
  </div>
 </body>
</html>
