2640 4800
428 363 792 457 ,ursonisirro
1100 376 1141 439 23

65 513 191 573 colorem
212 511 325 595 epilogo
342 509 453 585 inducit
475 508 573 582 XIII,
598 511 667 571 dum
691 512 835 578 luxuriam
859 514 1068 587 Romanorum,
1087 530 1148 578 arte

65 621 148 679 nives
156 619 358 680 conficientem
367 616 513 702 castigat§
526 639 551 693 i,
562 639 579 691 a
590 663 597 692 ,
610 620 736 701 pretium
746 631 774 680 et
785 641 865 702 aqua
875 634 1042 703 ponentem,
1055 625 1150 682 omni-

65 747 162 809 noque
183 725 337 798 vilissimas
359 746 406 791 res
427 746 506 797 caras
527 738 557 785 ct
575 727 713 807 pretiosas
735 726 903 787 reddentem
921 728 957 800 3,
977 725 1006 807 4.
1027 727 1148 791 Causam

65 831 151 913 hujus
174 832 285 895 inventi
308 853 325 890 a
347 829 494 901 stomacho
515 843 618 912 practer
636 843 765 891 naturam
788 832 859 891 cibis
876 832 1012 893 ferventis
1034 835 1150 916 spiritus

66 936 281 1023 onerato'atquc
295 937 484 1016 cruditatibus
497 937 657 1026 laborante,
671 940 716 1019 ciii
729 938 855 1003 foinenta
871 941 1148 1024 circumspexerint,

70 1047 176 1129 repetit
197 1043 217 1107 ὅ
227 1089 235 1118 ,
257 1041 295 1121 6,
314 1043 393 1111 unde
409 1046 501 1127 ipsam
518 1067 634 1133 quoque
650 1045 771 1129 glaciem
792 1047 823 1115 in
844 1047 964 1106 luxuriae
983 1048 1149 1111 servitutem

65 1157 222 1230 auxerint,
245 1153 387 1237 pudenda
407 1155 605 1236 inutiliteiqirc
616 1176 741 1237 operosa
759 1178 797 1239 p,
813 1153 851 1229 8,
870 1155 900 1215 id
911 1156 990 1239 quod
1002 1157 1149 1215 nonnullis

66 1263 247 1325 documentis
263 1262 429 1347 amplificat.
818 1288 822 1293 ·

106 1369 196 1431 Liliro
209 1371 332 1453 qiiiato,
352 1370 404 1453 qui
418 1368 586 1451 praelatione
602 1382 701 1444 caret,
720 1382 749 1430 et
765 1382 824 1430 toto
839 1369 977 1452 quidem,
993 1381 1150 1430 tractantur

66 1479 155 1552 aegidi,
171 1477 334 1569 dicitrirqup
349 1477 445 1559 capita
460 1476 494 1551 I,
510 1477 579 1559 quid
590 1477 629 1543 at
640 1485 752 1546 centa,
771 1488 799 1534 et
814 1477 949 1561 quomo&
961 1477 1065 1555 debeat
1076 1475 1154 1560 defi-

66 1585 131 1643 uiri.
155 1582 269 1643 Deinde
285 1582 409 1662 traditur
431 1580 590 1649 Democriti
609 1583 647 1644 dc
666 1603 701 1649 co
719 1581 863 1641 sententia
878 1581 925 1653 ll,
942 1593 971 1639 ct
992 1584 1154 1642 convellitur

67 1712 118 1764 so,
145 1688 225 1771 quod
244 1710 310 1750 aere
323 1690 441 1769 nuliilo,
467 1686 692 1769 fluminibusque
713 1709 746 1747 ac
763 1687 882 1747 lacubus
903 1686 1009 1745 nebula
1032 1687 1151 1746 obtectis

68 1809 168 1856 venais
194 1797 248 1869 sit,
275 1808 305 1873 et
320 1818 373 1873 ao,
392 1795 470 1887 quod
486 1796 530 1855 sol
552 1817 628 1877 saepe
648 1793 734 1854 iaciat
747 1807 865 1853 ventum
889 1792 945 1852 Ill.
965 1791 1051 1871 Origo
1066 1792 1152 1875 igitur

65 1915 223 1982 certorum,
244 1927 307 1987 quie
324 1905 385 1981 IV,
404 1905 443 1980 V,
459 1905 521 1978 VI,
538 1916 675 1978 tractatur
689 1903 838 1977 universe,
854 1923 911 1961 non
929 1913 973 1960 est
991 1922 1067 1974 una,
1082 1921 1150 1960 nam

69 2022 116 2090 eat
133 2000 261 2095 eterra,
282 2024 332 2086 aut
347 2032 384 2072 ea
400 2010 547 2092 canoribus
560 2010 663 2084 oritur,
680 2022 730 2068 aut
743 2031 763 2068 a
778 2019 854 2069 terra
871 2019 902 2067 iit
918 2008 1037 2087 crepitus
1050 2029 1070 2065 a
1086 2028 1153 2066 oeri-

68 2128 107 2178 tre
119 2117 267 2195 mitetur,
284 2115 363 2199 quod
384 2117 416 2181 in
434 2119 531 2199 jocum
552 2115 694 2189 convertit
718 2115 780 2201 IV,
804 2125 855 2173 aut
877 2110 1056 2195 potissimum
1073 2114 1153 2171 inest

67 2228 98 2288 ln
119 2228 151 2288 οἱ
170 2249 202 2301 se
225 2226 355 2303 rimandi
372 2204 446 2299 aeris
465 2225 611 2300 ,annual-l,
629 2246 686 2307 qua
711 2245 785 2305 aqua
808 2220 927 2305 praedita
946 2234 989 2281 est
1005 2222 1032 2281 V
1050 2265 1058 2295 ,
1077 2223 1152 2304 ignis

68 2333 151 2411 adeo.
170 2332 270 2411 Habet
289 2334 377 2416 igitur
394 2355 443 2393 aer
466 2333 496 2391 in
517 2354 551 2394 se
567 2333 626 2392 vim
650 2344 744 2405 motus
768 2332 880 2391 interae
896 2340 1072 2409 externique
1093 2329 1147 2389 Vl.

67 2439 137 2502 Jarn
153 2417 340 2513 excutiuntur
361 2440 518 2519 singulares
540 2426 617 2499 venti
635 2450 709 2497 stato
732 2450 861 2520 tempore
886 2446 935 2494 aut
957 2447 1067 2494 certos
1087 2434 1151 2494 loco

69 2547 188 2625 Iluam,
202 2561 234 2621 ¹ct
249 2546 368 2631 quidem
383 2547 548 2607 antelucani
560 2544 639 2620 VII,
660 2545 793 2625 mcotpitr
805 2542 899 2616 VIII,
917 2543 966 2622 qui
982 2542 1079 2614 venti,
1103 2563 1153 2600 cur

67 2677 126 2721 ecre
141 2664 172 2725 et
183 2663 282 2723 arctate
297 2653 444 2725 validiores
460 2654 535 2726 sint,
552 2653 697 2733 quaritur,
713 2662 742 2711 et
754 2650 841 2721 simul
856 2671 907 2707 cur
917 2650 963 2708 sol
974 2646 1150 2728 ventiiirisa-

67 2762 141 2847 ii‘at,
160 2782 181 2837 a
195 2782 249 2843 pua
262 2760 365 2831 on‘erite
377 2779 432 2818 nan
443 2755 657 2840 sempersertur
669 2755 723 2818 IX,
742 2757 777 2815 In
791 2757 873 2836 cnjus
888 2757 929 2814 rei
948 2766 1147 2837 argumentum

66 2868 204 2951 quoniam
216 2867 310 2939 deria
323 2863 554 2939 advocabantur,
573 2865 747 2944 exponitur,
764 2861 907 2943 quomodo
923 2863 958 2921 iis
974 2875 1095 2923 utuntur
1111 2863 1148 2923 ad

66 2974 137 3041 sslud
152 2971 363 3046 evincendum,
380 2994 438 3052 qua
453 2971 603 3030 occasione
620 2971 710 3033 multa
733 2970 770 3030 de
787 2991 886 3044 corum
901 2982 1003 3029 natura
1017 2971 1148 3030 afferun-

65 3094 112 3141 tur
131 3079 173 3156 X',
189 3078 249 3149 Eos
263 3077 339 3153 lolli,
357 3079 473 3161 probat,
489 3078 598 3151 Seneca
614 3090 746 3149 auctore,
769 3089 829 3151 tum
845 3098 944 3137 eorum
959 3079 1078 3163 largitor
1096 3099 1149 3158 per

65 3191 137 3260 meet
151 3210 312 3258 mtrem,
332 3200 392 3256 tuin
414 3198 540 3268 tempus,
558 3186 699 3270 praestant
713 3187 852 3247 duntaxat
866 3185 920 3247 XI.
938 3186 1065 3246 Proximi
1082 3199 1148 3244 sunt

65 3296 230 3377 eeneplii'ar,
254 3316 380 3376 ¹quorum
409 3305 513 3366 natiira
536 3295 701 3354 describitur
724 3295 881 3376 indolesqiie
906 3295 1034 3377 aperitur
1055 3292 1115 3353 XII
1138 3339 1145 3367 ,

66 3403 227 3487 eodemque
240 3401 326 3473 modo
337 3403 471 3476 turbineo,
482 3422 639 3483 corumque
649 3401 781 3484 inprimis
795 3401 932 3483 typhones
945 3414 1030 3482 atquc
1039 3410 1150 3481 preste-

15 3532 20 3544 ·
65 3531 111 3573 m
122 3507 210 3569 XIII.
223 3507 288 3575 Iam
302 3531 392 3590 quum
408 3508 487 3590 qaod
502 3508 641 3591 supra'dc
657 3509 767 3590 origine
781 3521 931 3581 ventorum
947 3522 1022 3571 terra
1038 3508 1150 3569 dixerat

65 3617 154 3675 miros
168 3629 266 3696 posset
280 3613 386 3679 habere
400 3615 538 3690 lectores,
555 3637 589 3674 co
605 3638 681 3683 nunc
697 3613 772 3675 redit
783 3618 972 3699 rationemque
987 3617 1031 3676 rei'
1047 3639 1080 3676 ea
1093 3616 1150 3675 de-

65 3723 173 3794 clarat,
191 3720 376 3803 uliiflurrii'ria
401 3722 476 3795 sint,
495 3721 535 3780 ibi
551 3743 645 3780 aerem
665 3743 780 3811 quoque
803 3744 862 3783 esse
883 3744 999 3783 neccsse
1020 3723 1074 3794 sit,
1100 3726 1150 3803 qui

65 3829 174 3888 ailiam
187 3849 313 3913 quarens
326 3824 542 3906 centaurisaci'at
554 3827 637 3888 XIV.
655 3829 689 3886 In
707 3828 793 3888 fidem
809 3852 943 3889 cavarum
963 3851 1148 3890 recessuum-

65 3957 140 4018 qnc,
160 3958 224 4018 quic
244 3937 333 3997 multa
352 3937 427 3995 intra
444 3957 475 3995 so
501 3935 607 3995 habeat
629 3948 727 4011 terra,
755 3949 855 3997 παπαί
880 3961 916 3997 ex
945 3938 1147 4020 Asclepiodoto

57 4040 217 4121 sudalam,
250 4065 307 4125 qua
328 4043 463 4103 seductus
487 4046 650 4126 expatiatur
674 4046 704 4103 in
727 4046 875 4118 avaritiam
903 4045 1074 4118 hominum,
1100 4048 1150 4127 qui

67 4151 146 4212 nullo
164 4153 292 4233 periculo
312 4167 472 4229 arceantur,
488 4176 545 4235 quo
559 4156 654 4214 minus
667 4175 768 4215 aarum
780 4168 881 4215 eruant
896 4155 963 4215 XV.
980 4155 1150 4238 Supererat,
