2640 4800
414 435 773 550 n1'sQors1r10.
1094 461 1136 526 ss

54 607 126 667 nino
141 601 323 664 abhorruisse
339 602 512 683 pronunciat
525 579 604 671 Vll,
623 600 681 672 32,
705 621 738 673 1,
754 597 825 657 mibi
842 598 1016 679 persuadere
1032 601 1139 659 nescio.

53 711 135 791 Quid
152 731 251 772 eorum
272 711 430 781 intererat,
452 709 623 790 quaestiones
645 706 682 766 de
704 705 789 767 nebus
810 705 907 788 legere
922 718 1037 787 captum
1058 729 1142 767 suum

54 817 281 903 superantibus,
298 815 336 877 de
356 815 463 890 rebus,
485 837 548 896 quae
569 836 627 873 uon
642 826 775 895 poterant
789 834 853 873 non
867 809 977 895 ffigidae
1001 813 1035 871 iis
1050 813 1143 874 videri

55 926 289 1009 atqtrexjeinuae,
313 946 342 983 v.
360 945 387 982 c.
412 921 575 983 subtilitatis
591 922 622 980 in
640 922 751 981 ratione
772 919 914 1001 speculari
928 920 1064 1001 prolata,
1081 941 1144 1000 quae

56 1045 171 1094 numm
185 1030 287 1092 aberat
305 1042 457 1090 uteorum
475 1030 586 1089 animos
606 1027 644 1087 ud
664 1026 722 1086 boc
738 1026 833 1086 studia
857 1025 1022 1099 allicerent,
1045 1026 1143 1108 ibique

54 1151 212 1214 tems,
223 1151 258 1198 ut
271 1139 367 1219 potius
382 1159 481 1197 eorum
497 1138 608 1196 animos
621 1135 668 1195 vel
682 1136 791 1216 magis,
806 1135 830 1193 si
843 1134 904 1193 lieri
920 1145 1035 1216 posset,
1050 1134 1086 1193 ab
1099 1133 1145 1194 his

58 1245 164 1308 snsdiis
184 1245 352 1305 alienarent.
371 1242 449 1304 Nihil
470 1241 531 1302 iere
546 1264 645 1302 eorum
663 1240 822 1315 retulisset,
843 1242 1000 1300 sententias
1016 1240 1147 1322 philoso—

59 1352 187 1434 phorum
209 1349 390 1432 singulorum
413 1369 569 1431 gracorum
588 1346 628 1407 de
649 1368 680 1406 re
703 1346 799 1428 aliqua
819 1369 1009 1429 cognoscere,
1027 1369 1146 1429 quaeque

59 1458 206 1519 altercans
217 1456 306 1538 quasi,
313 1454 422 1515 Seneca
436 1476 501 1514 cum
517 1455 553 1512 iis
564 1452 736 1533 disputaret.
754 1451 849 1512 Multo
863 1453 1021 1533 simplicius
1032 1477 1098 1513 eum
1114 1455 1148 1513 iis

60 1562 332 1647 agendum‚t'uisset
352 1561 482 1633 Seneca,
501 1561 640 1640 initiaque
661 1560 757 1639 potius
778 1557 936 1630 tradenda,
964 1581 1058 1639 neque
1080 1582 1147 1634 rcs,

61 1690 127 1751 quae
147 1668 179 1726 iu
200 1665 403 1748 proiectiorum
428 1663 628 1724 tantummodo
652 1663 828 1723 intellectum
850 1663 967 1723 cadunt.
998 1662 1150 1725 Omisisset

61 1775 129 1834 sine
144 1770 232 1833 dnbio
246 1772 330 1854 plura
343 1815 351 1845 ,
364 1793 427 1854 qua·
443 1771 540 1830 amicis
555 1770 673 1851 quidem
686 1770 805 1850 privatis
820 1771 925 1843 scribi,
940 1771 993 1831 sed
1009 1771 1149 1852 publicari

61 1901 123 1938 non
138 1877 214 1937 bene
229 1887 379 1959 poterant,
396 1888 430 1935 ut
443 1898 506 1958 qua
520 1875 558 1935 de
574 1875 678 1955 Hostia
692 1888 854 1936 narrantur.
871 1876 1017 1937 Nonnulla
1032 1879 1062 1937 in
1076 1901 1152 1960 pra-

61 1985 220 2045 iatiouibus
236 1985 343 2067 passim
359 1995 427 2061 sunt
440 1983 543 2057 obvia,
561 2005 623 2065 qnae
639 1984 841 2063 imperatorem
855 1986 965 2065 possint
977 1986 1146 2062 offendere,

62 2114 128 2174 qua
148 2112 202 2173 per
224 2091 396 2172 sequidem
416 2094 453 2149 ne'
474 2089 612 2150 scriberet
634 2091 742 2149 veritus
763 2112 822 2150 non
844 2086 934 2164 esset,
951 2113 1014 2174 qua
1029 2105 1149 2167 tamen,

63 2219 156 2281 quarm
177 2195 283 2258 frustm
304 2195 400 2256 summ
414 2218 494 2271 esse,
510 2198 598 2256 immo
617 2199 703 2255 noxia
723 2199 875 2279 scriptori,
898 2196 982 2258 facile
1002 2202 1153 2280 provideri

64 2313 178 2385 posset,
196 2303 353 2363 consultius
368 2325 426 2362 nou
441 2303 651 2363 scribebantur.
670 2303 743 2385 Ipsae
760 2303 939 2385 praelationes
954 2307 1003 2366 vix
1018 2309 1150 2388 publico,

64 2422 100 2469 ut
113 2411 152 2469 ita
165 2409 279 2484 dicam,
295 2430 413 2469 romano
428 2421 510 2469 erant
526 2409 693 2480 destinatae,
712 2410 811 2491 quales
832 2411 910 2470 enim
924 2406 1015 2486 snut,
1032 2426 1152 2473 contra-

65 2518 142 2577 rium
156 2517 317 2577 effecissent
330 2517 408 2596 ejus,
425 2516 503 2597 quod
518 2517 587 2598 ipsis
601 2517 780 2597 propositum
795 2529 872 2590 erat,
890 2519 1027 2599 quoniam
1042 2519 1152 2579 directa

65 2623 162 2685 fronte
176 2624 246 2684 vitia
259 2623 349 2684 seculi
364 2623 577 2685 adoriebantur.
598 2623 697 2697 Adde,
715 2622 793 2703 qnod
813 2626 851 2683 ita
867 2623 975 2683 Seneca
999 2627 1047 2685 vix
1070 2627 1153 2703 ejus-

66 2730 145 2790 modi
160 2729 341 2812 prefationes
356 2743 385 2790 et
399 2731 496 2811 plures
512 2730 629 2811 quidem
647 2730 728 2789 libris
743 2732 942 2811 praemisisset,
959 2752 1030 2812 quas
1041 2733 1153 2812 privato

67 2859 119 2897 suo
132 2837 226 2914 amico
242 2835 353 2896 lucilio
366 2837 465 2896 talium
481 2838 628 2919 appetenti
645 2837 691 2895 vel
708 2838 803 2919 egenti
817 2836 903 2896 facile
918 2851 1030 2919 poterat
1045 2862 1152 2921 appro-

66 2944 147 3004 bare.
164 2944 220 3003 Cui
234 2945 259 3002 si
272 2942 327 3003 boc
344 2965 416 3024 opus
434 2967 515 3025 aque
530 2946 668 3026 scriptum
683 2957 770 3025 atque
785 2945 962 3027 adscriptum
977 2947 1149 3023 habebitur,

67 3051 163 3110 omnia
174 3051 226 3109 fini
237 3071 289 3126 suo
300 3050 390 3110 multo
402 3049 505 3111 melius
516 3063 689 3132 competent.
703 3049 813 3112 Clarius
823 3066 883 3113 tum
896 3055 960 3125 erit,
974 3078 1026 3114 eur
1036 3053 1094 3114 hnc
1105 3056 1153 3114 vel

67 3157 114 3216 illa
126 3157 331 3230 scriberentur,
350 3157 408 3216 hac
425 3158 471 3216 vel
488 3157 536 3216 illa
556 3160 766 3218 omitterentur.
789 3159 932 3220 Nimirum
947 3184 1010 3242 quae
1025 3162 1074 3234 Il,
1092 3161 1149 3248 59,

70 3286 85 3344 7
96 3285 140 3344 sq.
149 3265 256 3345 seripta
265 3275 343 3337 sunt,
353 3265 404 3322 uni
415 3261 536 3338 Lucilio,
547 3265 672 3324 tonitrua
682 3264 877 3325 reformidasti
887 3269 991 3349 scripta
1000 3291 1062 3327 csse
1071 3291 1153 3350 aper-

69 3383 128 3429 tum
139 3382 192 3429 est.
202 3369 333 3429 Praeiatio
343 3371 437 3450 quarti
445 3371 512 3430 libri
522 3372 635 3430 nonnisi
646 3370 747 3443 indoli,
757 3374 873 3455 ingenio
880 3385 1041 3455 etpersonae
1048 3375 1149 3434 Lucilii

70 3475 287 3536 abamieissimo
298 3477 326 3535 ei
339 3476 448 3536 Seneca
458 3489 501 3537 est
511 3478 676 3557 composita.
690 3475 800 3537 Eodem
810 3479 934 3539 tendunt
945 3479 1006 3553 Vl,
1023 3501 1034 3539 1
1048 3525 1056 3553 ,
1071 3502 1088 3540 2
1104 3504 1148 3562 sq.

71 3585 145 3645 e132
156 3629 165 3659 ,
178 3596 208 3643 et
218 3585 293 3642 sicut
304 3585 334 3641 iu
344 3585 426 3669 initio
435 3584 574 3644 librorum
585 3596 614 3643 et
625 3583 698 3657 line,
714 3585 753 3643 ita
765 3585 794 3643 in
807 3584 903 3645 medio
917 3587 991 3645 libro
1005 3588 1150 3648 interdum

72 3688 196 3752 Lucilius
208 3712 226 3750 a
239 3689 349 3750 Seneca
363 3690 562 3771 compellatur,
576 3702 609 3749 ut
624 3690 687 3765 IIl,
707 3687 747 3750 26
757 3736 765 3765 ,
777 3689 808 3752 6.
823 3693 880 3752 Hic
890 3694 952 3752 siue
965 3692 1052 3753 dubio
1067 3695 1152 3755 dele-

72 3799 198 3858 ctabatur
213 3798 327 3858 traditis
343 3799 526 3877 antiquorum
541 3796 776 3878 pbilosophorum
791 3800 996 3881 opinionibus,
1010 3824 1082 3882 quos
1098 3827 1155 3861 non

72 3917 127 3966 tam
143 3906 286 3965 industrie
300 3927 333 3964 ac
347 3904 448 3965 sedulo
467 3917 632 3980 tractasset,
649 3929 735 3988 quam
751 3906 870 3967 Seneca.
889 3908 946 3967 Hic
962 3908 1045 3968 sacilo
1060 3932 1153 3991 capax

74 4025 130 4071 erat
145 4011 338 4072 difficiliorum
360 4014 446 4072 etiam
469 4025 498 4071 et
518 4012 753 4094 perplexiorum,
772 4035 835 4095 qua
849 4014 938 4073 turbae
961 4015 1155 4074 Romanorum

73 4142 126 4180 non
146 4122 370 4182 conveniebant.
400 4120 477 4180 Huic
492 4133 624 4202 poterant
639 4123 754 4193 omitti,
779 4144 842 4202 qua
864 4124 912 4182 vix
934 4137 1016 4182 erant
1035 4136 1158 4204 prater-

75 4228 165 4289 eunda
175 4230 265 4313 vulgo
281 4229 500 4303 Romanorum,
515 4231 588 4290 ratio
602 4231 706 4304 maris,
729 4229 849 4311 pluviae,
868 4232 940 4290 roris
955 4243 983 4289 et
1001 4232 1154 4307 similium,
