2640 4800
113 380 154 467 14
446 378 492 447 o.
518 375 563 442 n.
590 371 824 442 noenum
857 320 860 324 ⁴

108 536 141 584 nt
153 521 272 602 phrases
286 539 375 579 novas
394 517 603 599 flosculosque,
625 537 680 577 cen
698 515 782 598 pueri
798 513 978 597 papiliones,
1001 527 1116 598 captare
1136 538 1191 598 ge-

107 629 212 702 stiant,
225 625 262 687 de
276 625 412 686 interiore
427 642 555 704 veraque
572 633 603 682 et
615 606 687 682 locis
696 618 848 680 commoda
863 640 963 680 eornm
979 622 1009 681 vi
1018 642 1121 701 pamm
1130 622 1192 680 sol-

107 733 196 806 liciti,
208 733 373 812 majoreque
383 729 485 790 ardore
494 729 532 789 ad
543 728 573 789 id
585 728 757 788 incumbunt
766 769 774 800 ,
784 738 818 785 ut
827 747 948 786 acumen
963 727 1072 809 ingenii
1092 739 1192 786 osten-

106 850 199 898 tantes
210 835 391 918 insignivisse
401 835 527 917 novique
537 833 609 916 quid
620 833 729 895 dixisse
740 830 909 908 videantur,
921 854 1007 914 quam
1018 845 1051 892 ut
1058 833 1188 892 animum

108 964 192 1002 suum
203 941 242 1001 ad
252 936 340 1001 totam
351 952 381 1001 et
393 958 492 1002 veram
506 946 656 1000 anmomm
669 948 797 1028 mentem
810 937 1011 1020 explicandam
1021 938 1189 1020 simpliciter

107 1060 137 1107 et
152 1046 274 1108 candide
291 1047 419 1130 exigant.
1138 1055 1141 1059 ’

149 1260 250 1340 Itaque
267 1259 303 1320 de
316 1259 453 1341 praeclam
466 1257 521 1317 hoc
536 1255 650 1318 Senecae
666 1279 755 1339 opere
770 1257 915 1340 generalia
930 1258 1042 1338 aliqua,
1058 1256 1190 1340 bilariam

108 1366 200 1427 divisa
216 1364 387 1447 disputabo,
405 1366 446 1424 ita
460 1364 537 1426 utin
556 1366 651 1445 prima
672 1376 754 1446 parte
772 1363 809 1425 de
823 1376 992 1446 argumento
1006 1378 1056 1425 aut
1070 1365 1108 1425 de
1124 1387 1191 1425 ma-

107 1475 181 1534 teria
201 1475 263 1553 ejus
278 1495 380 1555 agam,
398 1484 562 1554 comparata
584 1494 650 1532 cum
666 1472 721 1547 iis,
739 1493 802 1554 quae
824 1472 920 1558 cidem
941 1474 1040 1554 generi
1061 1474 1191 1552 subjecta

4 1587 7 1591 '
108 1602 166 1640 non
181 1581 397 1662 complectatur,
410 1591 439 1638 et
449 1578 487 1638 ad
497 1600 579 1637 suam
593 1579 810 1658 inscriptionem
823 1577 912 1638 relata
925 1601 932 1648 ;
946 1579 976 1636 in
989 1579 1078 1637 altera
1090 1590 1192 1638 caetera

106 1698 244 1760 mem,
260 1707 324 1768 qne
336 1684 374 1745 de
391 1705 442 1756 eo,
460 1684 546 1764 quale
560 1684 615 1756 sit,
631 1684 751 1742 veniunt
766 1683 965 1765 disquirenda:
980 1685 1046 1744 Huc
1058 1687 1192 1767 pertine—

106 1793 179 1852 bunt
192 1790 287 1872 primo
301 1791 365 1849 loco
382 1788 475 1848 sontes
493 1787 571 1848 unde
588 1789 736 1864 hauserit,
754 1791 844 1850 altero
859 1812 962 1865 eausa,
983 1793 1099 1852 ratioet
1116 1814 1193 1852 con-

105 1900 202 1958 silium
218 1917 281 1977 quse
303 1917 369 1954 eum
389 1895 427 1955 ad
447 1893 632 1970 scribendum
654 1897 875 1976 permoverint‚
899 1899 984 1957 tertio
1005 1897 1136 1958 homines
1157 1920 1191 1959 nc

106 2025 234 2087 personae
261 2004 365 2084 quibus
387 2004 553 2085 scripserit,
576 2015 680 2085 quarto
699 2017 814 2087 tempus
837 2029 895 2088 quo
917 2006 1006 2065 hocce
1025 2029 1097 2088 opus
1120 2029 1193 2066 con-

107 2112 212 2173 diderit
225 2134 232 2181 ;
244 2112 345 2191 quinto
357 2109 482 2193 denique
494 2112 557 2190 ejus
565 2111 687 2191 qualitas
701 2113 881 2193 auctorisque
892 2115 1026 2173 meritum
1037 2111 1073 2173 de
1084 2125 1192 2173 naturae

106 2216 222 2290 studio,
235 2227 322 2297 atque
337 2215 383 2274 hic
400 2216 518 2298 quidem
534 2218 680 2299 exigetur,
697 2239 734 2277 an
749 2220 898 2301 integritas
910 2219 1043 2301 quedam
1057 2209 1193 2300 ratusque

107 2323 178 2382 ordo
188 2321 266 2380 hisce
277 2321 485 2396 Quaestionibns
497 2336 607 2383 constet
617 2325 677 2382 sive
689 2345 777 2383 manu
788 2325 974 2384 librariorum
986 2338 1014 2384 et
1025 2346 1122 2406 opera,
1132 2326 1193 2386 sive

24 2432 26 2436 ’
108 2431 256 2490 voluntate
270 2430 385 2490 Senecae
399 2442 486 2511 atque
506 2431 625 2490 consilio
636 2443 691 2504 ,ct
705 2431 891 2512 disquiremr,
909 2432 1053 2513 quomodo
1068 2445 1193 2513 utraque

107 2539 157 2598 illa
172 2539 207 2598 iis
220 2538 360 2598 vindicari
377 2551 505 2619 queant,
520 2550 636 2619 quoque
647 2539 766 2598 meliore
781 2536 882 2598 ordine
894 2538 1003 2598 Seneca
1016 2560 1107 2620 quum
1120 2539 1192 2597 uni-

24 2708 29 2717 ,
108 2667 205 2706 versas
216 2645 269 2705 has
277 2647 448 2728 quaestiones
459 2643 590 2728 digerere
601 2655 688 2726 atque
698 2656 819 2706 tractare
830 2647 971 2726 potnerit,
986 2658 1047 2707 turn
1062 2647 1192 2728 singulas

109 2755 282 2814 tractaverit.

635 2942 661 3001 l.

252 3108 294 3153 DE
315 3110 534 3156 ARGUMENTO
555 3112 596 3153 ΕΤ
618 3112 778 3154 uersata
800 3113 878 3154 ΝΔΤ.
901 3110 1036 3169 QUAEST.
1080 3110 1082 3115 '

150 3297 284 3358 Prolatus
306 3298 417 3360 Seneca
441 3299 535 3380 primo
555 3299 630 3358 libro
648 3320 735 3381 qnam
751 3255 846 3382 gravis
865 3301 903 3360 sit
926 3323 960 3361 ea
982 3320 1048 3382 pars
1063 3300 1194 3382 philoso-

109 3403 205 3486 phiae,
224 3426 312 3487 quam
328 3417 500 3465 tractaturus
514 3407 572 3479 sit,
589 3402 609 3485 §
631 3425 665 3480 1,
682 3425 719 3479 s,
739 3406 774 3480 3,
789 3408 910 3490 corripit
927 3407 1082 3481 homines,
1098 3409 1149 3490 qni
1163 3430 1195 3468 se

109 3535 197 3596 snpra
207 3534 373 3596 corpoream
386 3534 466 3574 suam
477 3526 678 3574 naturam'non
696 3515 849 3590 extollant,
861 3537 919 3575 non
931 3517 1069 3598 pessimos
1086 3535 1117 3574 se
1131 3536 1194 3576 esse

107 3623 252 3697 contenti,
266 3619 296 3700 d,
308 3643 368 3681 non
386 3623 460 3681 sicut
473 3642 541 3681 vere
552 3621 639 3696 beati,
653 3620 684 3696 5,
699 3622 752 3682 etsi
762 3622 895 3684 ditissimi
906 3635 994 3705 atque
1002 3624 1193 3705 potentissimi

109 3729 185 3801 sint,
202 3726 242 3802 6,
258 3750 297 3810 7,
316 3750 375 3811 quo
390 3731 495 3812 pnngit
507 3730 653 3802 Cesarea,
671 3748 795 3811 quorum
806 3736 930 3811 potestas
945 3731 1049 3813 exigua
1065 3730 1102 3790 sit
1109 3748 1194 3790 com-

110 3848 208 3919 parata
222 3856 289 3895 cum
304 3836 429 3910 mundo,
455 3834 494 3910 8,
510 3858 567 3917 quo
581 3838 632 3918 qni
647 3837 759 3895 animus
774 3856 805 3896 se
817 3837 913 3910 levet,
931 3837 1023 3895 solnm
1039 3857 1106 3895 vere
1120 3836 1193 3896 bea-

107 3964 169 4014 tum
181 3962 260 4018 esse,
271 3963 310 4028 9,
326 3965 361 4003 ro
370 3986 378 4018 ,
388 3955 503 4004 terrena
515 3954 755 4016 contemnentem,
770 3962 821 4018 11,
835 3941 1193 4025 contemplationeqne'dei

111 4049 243 4123 felicem,
265 4069 321 4124 ra,
337 4052 388 4133 qni
401 4050 543 4111 mundum
557 4095 565 4125 ,
580 4070 669 4130 qrrcm
684 4049 767 4109 multi
783 4047 931 4110 fortuitum
946 4070 1007 4110 esse
1019 4052 1192 4132 opinentur,

107 4167 235 4219 creatum
250 4156 441 4240 disposuerit,
464 4157 501 4217 13
516 4160 524 4230 ,
542 4156 727 4237 alienumque
742 4155 779 4215 ab
790 4155 912 4218 aliorum
923 4158 1000 4218 circa
1015 4157 1074 4217 lraec
1086 4156 1194 4219 errori-
