2640 4800
318 389 320 392 Α
421 333 789 426 n1sQu1s1T10.
1048 296 1055 319 ⁸
1103 337 1143 424 41

69 501 221 564 possumus
235 481 311 538 inter
324 477 423 537 Nilum
439 475 493 550 tv,
512 497 550 547 a,
567 489 595 536 et
609 476 779 558 grandinem
792 478 846 551 lv,
859 480 877 539 3
891 521 899 551 ,
915 481 970 538 nisi
983 481 1048 560 quis
1059 492 1088 539 et
1100 479 1148 540 bic

69 585 246 669 reponendis
262 586 293 644 in
310 606 362 642 sua
375 584 438 643 loca
460 582 587 662 disjectis
612 604 679 641 eum
703 584 804 644 tollcrc
820 585 939 645 mavult.
963 585 1057 664 Hujus
1074 607 1149 648 nunc

68 697 133 775 ipso
147 693 259 754 Seneca
273 689 365 764 duce,
382 703 411 749 ct
424 690 542 772 quidem
555 691 586 748 in
600 689 767 771 praefatione
780 691 846 751 libri
859 691 978 751 secundi
993 691 1152 772 perieulum

67 800 218 861 iaciamus.
234 798 374 876 Quemvis
389 819 425 857 ex
440 798 573 878 superius
588 796 672 857 dictis
687 819 760 879 opus
770 798 947 858 naturalium
961 796 1063 857 banno
1073 817 1153 879 quo-

66 909 197 969 stionum
211 904 249 966 ad
264 906 349 965 istam
365 926 495 964 normam
511 925 611 964 severe
624 906 740 987 exigere
754 905 832 965 baud
847 907 952 980 beent,
969 924 1065 987 neque
1084 903 1150 964 idco

67 1013 153 1076 valde
165 1013 203 1072 sit
227 1007 483 1092 reprehendendus
505 1009 636 1084 Seneca,
657 1009 737 1091 quod
756 1010 832 1071 banc
858 1009 1054 1093 prelationem
1073 1010 1148 1090 parti

67 1119 255 1200 subsequenti
268 1116 468 1199 preposuerit,
478 1137 567 1198 quam
582 1138 640 1175 non
653 1117 744 1197 parti,
755 1117 807 1177 sed
819 1119 872 1176 toti
885 1117 1003 1199 proprie
1019 1117 1149 1198 premit·

67 1225 187 1287 tendam
200 1224 385 1313 bissenemo
401 1223 455 1282 erit
466 1266 475 1298 ,
487 1224 538 1304 qui
554 1245 668 1282 mecum
684 1245 743 1283 non
757 1222 899 1304 intelligat
909 1266 918 1298 ,
930 1244 1021 1306 quum
1034 1235 1147 1297 totum,

65 1353 127 1392 nou
140 1353 225 1413 pars,
240 1331 284 1390 ibi
295 1329 474 1411 disponatur.
498 1327 572 1389 Inde
584 1339 682 1388 tamen
698 1328 778 1410 qnod
793 1329 938 1391 secundus
956 1330 1023 1389 Nat.
1040 1329 1145 1404 Qunst.

67 1440 144 1499 liber
155 1436 315 1499 seeundum
330 1439 407 1497 inter
420 1457 486 1496 suos
501 1436 598 1495 locum
613 1448 693 1495 tenet
707 1458 765 1495 non
778 1438 919 1518 sequitur,
936 1439 1026 1517 ejusa
1039 1438 1149 1518 princi·

66 1546 117 1626 pio
131 1544 207 1604 bunc
220 1544 315 1605 locum
329 1543 418 1603 fnisse
428 1586 438 1616 ,
449 1564 540 1623 quum
553 1584 562 1616 ,
577 1542 701 1602 exclusis
712 1540 780 1601 hinc
794 1543 894 1622 primas
908 1544 997 1622 partis
1007 1544 1147 1602 cosmolo-

66 1651 138 1732 gicis
151 1649 355 1731 questionibus
374 1649 492 1730 proprie
511 1645 698 1729 physicarum
718 1648 828 1728 primm
845 1648 872 1708 ei
891 1647 990 1707 deberi
1004 1647 1146 1720 videatur,

67 1769 95 1815 et
111 1756 219 1817 Seneca
234 1757 297 1837 ipse
317 1757 348 1815 in
369 1777 401 1815 rc
415 1767 473 1815 tarn
496 1756 577 1838 gravi
592 1765 679 1834 atquc
699 1752 808 1813 difficili
821 1755 980 1815 secundum
995 1766 1148 1813 consenta-

65 1883 154 1923 neum
169 1862 323 1942 quemdam
339 1873 368 1922 et
380 1861 558 1921 luculentum
575 1859 706 1920 ordinem
722 1860 857 1920 maluisse
873 1860 1046 1942 procedere,
1059 1880 1147 1941 qoam

65 1967 140 2029 sorte
160 1980 289 2042 temere,
315 1989 449 2049 perverse
464 1988 497 2026 ac
519 1967 633 2027 sinistre
649 1967 784 2049 quaeb'bet
797 1968 965 2029 collocando
978 1979 1008 2028 et
1023 1987 1149 2049 congre-

67 2075 162 2158 gando
182 2075 319 2135 obscuros
338 2075 401 2134 lieri
421 2073 530 2153 finique
552 2094 605 2133 suo
626 2075 796 2133 contrarius.
821 2073 946 2134 Videtur
963 2075 1052 2157 igitur
1072 2073 1146 2135 libro

66 2179 195 2241 secundo
218 2183 328 2263 primm
345 2179 443 2240 deberi
459 2178 560 2251 locus,
579 2201 639 2239 non
656 2180 749 2239 solum
767 2181 836 2260 quia
852 2193 929 2239 arcte
942 2179 1064 2241 coheret
1078 2204 1145 2242 oiim

67 2289 116 2346 illa
135 2287 322 2371 prefatione,
339 2286 390 2347 sed
408 2287 477 2367 quia
501 2286 586 2345 etiam
601 2286 744 2367 generabo
766 2285 803 2345 de
818 2307 885 2346 aere
905 2298 1027 2360 tractat,
1043 2289 1094 2368 qui
1108 2310 1146 2348 ex

68 2397 208 2454 sententia
220 2393 393 2477 praelationis
404 2404 437 2453 ut
452 2390 665 2472 receptaculum
680 2392 762 2471 quusi
777 2391 944 2451 sublimium
964 2405 1013 2452 aut
1033 2390 1146 2454 meteo-

68 2524 163 2562 rorum
179 2503 325 2585 cognitus,
344 2501 425 2581 quasi
444 2498 538 2558 aditus
558 2483 601 2558 est
620 2498 657 2559 ad
672 2499 723 2558 illa
742 2500 951 2582 cognoscenda.
970 2498 996 2558 E
1019 2501 1145 2582 vestigiis

69 2609 218 2668 uerborum
232 2651 240 2681 ,
256 2608 372 2677 metita,
390 2605 513 2675 r‘rnbns,
531 2607 625 2676 nioes,
643 2608 766 2666 tonitura
779 2608 910 2687 proxime
925 2607 1041 2687 quidem
1062 2609 1144 2687 sequi

70 2714 172 2776 debere
194 2714 347 2773 videantur
364 2735 427 2794 quse
448 2725 516 2772 sunt
528 2713 595 2772 libri
615 2711 908 2794 1v‚seapireieni0
922 2713 987 2773 libri
1008 2712 1036 2771 ll
1054 2735 1145 2793 usque

69 2821 103 2880 ad
114 2823 210 2882 finem.
222 2821 332 2881 Verum
345 2819 398 2879 hoc
410 2820 470 2880 lieri
485 2817 618 2901 probibet
631 2832 724 2878 arctus
743 2841 833 2878 nexus
845 2820 970 2899 capitum
987 2840 1017 2877 11
1036 2862 1045 2893 ,
1064 2832 1093 2877 ct
1108 2840 1143 2879 12

70 2928 132 2986 libri
151 2928 199 2999 ll,
221 2927 359 3007 jubetque
379 2927 484 2997 statui,
513 2926 666 2984 verborum
684 2924 751 2983 huie
765 2925 849 2984 seriei
870 2925 956 2986 fidem
971 2947 1145 3006 operamque

69 3056 146 3093 suam
159 3056 218 3093 non
228 3035 314 3114 plane
327 3045 412 3112 atque
421 3044 552 3091 accurate
563 3032 700 3092 Senecam
716 3032 903 3092 adstrinxisse
914 3051 997 3113 ,qua
1011 3034 1140 3104 inversa,

69 3141 189 3198 tonitrua
200 3139 280 3220 prius
290 3138 402 3218 triaque
414 3139 509 3217 priora
523 3138 665 3216 posterius
679 3137 852 3196 tractaverit.
866 3136 909 3195 lta
920 3136 1141 3198 librunisecun-

68 3244 134 3303 dnm
155 3244 323 3325 permutatis
343 3243 413 3302 locis
438 3242 667 3303 commodissime
689 3244 812 3322 excipiet
834 3243 908 3302 liber
930 3243 965 3314 l,
989 3246 1056 3325 quia
1080 3259 1138 3304 tum

68 3352 167 3410 similia
183 3351 316 3409 tonitruis
330 3363 473 3421 meteora,
487 3361 547 3408 tum
562 3351 656 3408 minus
669 3352 764 3431 gravia
780 3363 865 3430 atque
879 3352 1018 3411 terribilia
1029 3351 1142 3411 descri-

67 3456 115 3515 bit.
133 3457 298 3515 Proximum
317 3455 410 3515 locum
425 3457 533 3535 optime
547 3454 657 3514 tenebit
670 3455 744 3513 liber
758 3455 837 3527 VII,
854 3456 891 3516 de
908 3459 1048 3527 cometis,
1066 3481 1138 3539 quos

31 3565 33 3568 ’
69 3563 194 3643 plerique
213 3583 265 3641 pro
289 3562 381 3642 igneis
405 3562 537 3621 meteoris
556 3559 716 3634 habebant,
735 3584 914 3644 quorumque
929 3567 1137 3626 enarrationem

68 3680 121 3727 tam
137 3670 223 3749 longe
242 3669 279 3726 ab
293 3667 349 3726 illis
372 3669 511 3726 divulsam
538 3688 600 3727 csse
620 3670 717 3727 miror.
741 3669 795 3728 llis
816 3671 936 3752 jungere
952 3674 1137 3753 posteriorem

68 3773 140 3832 illam
155 3775 249 3854 quarti
264 3773 329 3831 libri
345 3787 454 3853 partem
471 3776 637 3844 conveniet,
653 3775 735 3853 cujus
751 3778 874 3855 priorem
894 3792 1004 3859 partem
1021 3779 1057 3838 dc
1070 3781 1136 3840 Nilo

68 3879 153 3959 egisse
170 3880 248 3938 nullo
268 3879 352 3938 modo
368 3881 515 3959 probabile
532 3894 583 3938 cst.
603 3880 695 3939 Multo
711 3883 893 3943 verisimilius
909 3897 950 3945 cst
967 3888 1078 3965 potius,
1097 3889 1137 3947 ibi

68 3984 101 4042 dc
117 3986 237 4057 nubilis,
260 3984 415 4055 imbribus,
433 3999 487 4044 etc.
514 4009 575 4065 quzc
600 3987 646 4044 illa
670 3989 796 4066 praelatio
814 3991 925 4050 videtur
943 3994 1130 4072 promittere,

68 4087 149 4154 [uisse
170 4114 341 4152 sermonem.
369 4093 446 4151 Pone
469 4093 543 4150 huuc
568 4107 728 4174 opportune
750 4097 935 4157 collocaretur
956 4097 1027 4158 liber
1045 4098 1081 4167 V,
1100 4095 1137 4157 do
