2640 4800
455 420 755 492 PRAEFATIO.
1122 432 1141 498 3

56 569 194 655 losophin
206 579 338 629 auctores
351 565 449 625 octalos
460 585 527 624 suos
540 567 698 640 convertit,
711 587 869 648 eorumque
880 567 1021 632 thesauris
1036 572 1073 632 ad
1085 595 1145 633 rem

56 703 140 740 suam
153 671 388 758 locupletandam
403 671 539 733 adhrhitis
557 674 671 756 egregie
688 695 757 733 usus
773 685 825 734 est.
844 673 942 750 Quum
958 677 1036 737 enim
1055 701 1145 761 aqua,

57 794 88 853 ri
104 793 191 872 ὕδωρ,
207 782 288 846 haud
307 782 395 843 dubie
412 781 632 843 subtilissimum
650 781 779 843 humoris
793 785 967 867 principium
984 800 1070 870 atque
1086 790 1149 848 elc-

58 908 207 968 mentum,
226 911 373 953 summum
387 888 465 971 apud
480 889 532 949 hos
546 888 733 971 philosophos
746 891 842 950 locum
859 904 987 966 teneret,
1000 915 1087 975 aquo
1101 916 1148 952 se-

59 1001 187 1062 cundnm
211 999 300 1059 calori
318 996 500 1070 tribuebant,
515 996 625 1056 nemini
639 997 743 1056 mirum
759 994 850 1058 videri
865 995 964 1073 debet,
988 1000 1065 1082 quod
1087 1002 1148 1060 sin-

60 1108 191 1190 gulm-um
216 1124 333 1187 quoque
359 1114 467 1163 nature
488 1103 613 1184 partium
636 1123 702 1161 cum
722 1104 784 1162 istis
805 1102 916 1164 duabus
931 1108 1148 1187 conjunctarum

60 1212 237 1274 adverterint
258 1211 492 1292 inquisitionem,
514 1209 626 1268 etiamsi
647 1210 751 1290 injuria
776 1223 938 1292 temporum
959 1212 1150 1273 luculentiora

60 1317 145 1398 hujus
163 1319 208 1378 rei
228 1316 392 1376 testimonia
411 1315 495 1375 nohis
511 1314 672 1374 invidisset.
697 1313 756 1375 Sed
777 1338 813 1374 ex
834 1317 870 1375 iis
887 1340 949 1400 qun
964 1320 1149 1402 Anaxagoras

61 1423 278 1506 philosophatus
292 1443 355 1481 esse
369 1420 501 1492 traditur,
516 1420 631 1502 egregie
642 1441 736 1501 nuper
747 1435 910 1501 exponente
919 1423 1002 1493 Caro,
1018 1426 1149 1485 maxima

62 1533 219 1591 litterarum
237 1531 379 1589 bonarum
404 1539 434 1588 et
453 1526 641 1608 philosophiae
658 1528 774 1605 jacturae
796 1526 854 1586 sato
874 1530 959 1588 nimis
981 1545 1092 1592 maturo
1115 1556 1148 1592 ac

63 1638 134 1698 duro'
151 1637 238 1697 nohis
253 1647 369 1718 erepto,
385 1634 440 1694 hoc
455 1635 522 1694 satis
538 1655 682 1716 superque
696 1633 791 1716 colligi
803 1634 880 1693 licet.

101 1746 142 1805 lis
156 1745 317 1825 adjunxere
335 1763 397 1801 sese
415 1742 551 1823 deinceps
567 1762 667 1801 omnes
686 1752 747 1801 tum
760 1741 1016 1823 philosophantes,
1034 1756 1063 1803 et
1079 1747 1150 1805 nulli

64 1865 143 1913 certe
162 1864 246 1913 sectae
261 1849 386 1922 addicti,
408 1870 443 1909 ex
461 1849 554 1929 iisque
566 1861 599 1907 ut
612 1847 734 1929 quisque
746 1846 800 1907 suit
812 1861 919 1908 naturas
933 1848 1149 1919 solertissimus,

65 1962 99 2021 ita
117 1959 337 2042 diligentissime
356 1977 410 2038 pro
425 1956 544 2015 modulo
563 1954 687 2035 quisque
705 1976 757 2014 suo
775 1954 951 2028 hauserunt,
971 1968 1033 2015 tum
1052 1968 1151 2018 omn'es

65 2067 164 2148 reliqui
181 2062 368 2146 philosophie
382 2063 430 2121 vel
444 2074 575 2120 auctores
594 2060 641 2122 vel
661 2061 795 2135 asseclae,
818 2065 843 2120 si
862 2063 912 2144 qui
930 2076 1038 2123 naturae
1061 2066 1151 2125 inda-2

66 2179 161 2260 gandae
180 2198 296 2258 operam
315 2197 395 2235 suam
413 2174 560 2248 dicarent,
585 2174 634 2233 alii
654 2174 737 2234 aliter
755 2196 855 2242 corum
869 2177 997 2257 vestigiis
1016 2178 1148 2257 insistere
1210 2248 1212 2257 ἱ

66 2308 118 2345 non
137 2285 351 2346 dubitaverunt.
370 2280 455 2356 and
477 2278 549 2341 adeo
564 2281 698 2341 Socratici
714 2267 773 2354 ,set
790 2280 850 2340 lere
863 2304 962 2342 omnes
976 2305 1040 2365 quat
1055 2306 1070 2344 a
1086 2286 1143 2345 So-
1216 2282 1222 2299 '

67 2405 139 2452 crate
162 2401 317 2451 manarunt
333 2384 536 2471 philosophica
561 2381 661 2460 sectas,
679 2387 769 2446 secuti
788 2398 865 2446 sunt.
888 2387 924 2447 In
941 2391 1046 2470 quihus
1069 2413 1144 2472 pra-

66 2501 158 2560 sertim
172 2496 353 2566 Aristoteles,
373 2496 417 2555 vir
434 2493 634 2554 callidissimus
651 2514 748 2553 rerum
767 2506 894 2568 naturae,
912 2517 978 2555 cum
995 2496 1081 2579 longa
1094 2521 1146 2580 per

66 2606 242 2688 insequentia
268 2602 370 2662 saeeula
390 2601 595 2683 discipulorum
620 2612 649 2660 ct
668 2623 864 2660 successorum
885 2604 982 2676 serie,
1005 2606 1145 2678 eminuit,

66 2716 170 2796 quippe
188 2735 275 2795 quem
291 2734 381 2793 quum
397 2731 495 2770 omncs
517 2706 705 2790 Philosophiae
724 2721 836 2790 partes,
855 2721 917 2768 tum
931 2733 1000 2769 vcro
1020 2714 1146 2772 maxime

67 2819 214 2902 Physicam
244 2840 357 2879 summo
381 2817 475 2877 studio
508 2815 667 2875 excoluisse
689 2816 765 2874 inter
795 2838 894 2875 omnes
924 2830 1044 2878 constat.
1076 2817 1147 2900 Ejus

68 2942 158 2988 autern
184 2926 382 2987 commentarii
402 2924 476 2983 hanc
498 2921 684 3005 philosophiae
706 2935 819 3003 partem
842 2923 1034 2999 illustrantes,
1062 2950 1088 2987 e.
1117 2951 1144 2988 c.

67 3034 100 3095 de
124 3034 224 3107 Goelo,
251 3021 473 3116 llleteorologica
498 3042 573 3103 etc,
597 3029 816 3111 limpidissimus
846 3042 874 3090 et
899 3029 1062 3091 uberrimus
1083 3033 1146 3092 sons

67 3137 165 3214 luere,
190 3161 226 3199 ex
246 3139 351 3220 quihus
377 3157 476 3196 omnes
492 3135 614 3215 reliqui,
635 3148 739 3215 practer
761 3132 940 3216 Epicureos,
963 3137 1144 3219 philosophi,

67 3259 249 3328 posteaquam
269 3246 303 3304 iis
321 3244 358 3304 ad
378 3265 426 3303 cos
441 3244 515 3303 liber
535 3241 629 3302 aditus
650 3243 786 3322 patebat,
802 3242 929 3302 hortulos
952 3265 1018 3302 suos
1042 3245 1146 3328 irriga-

67 3365 145 3427 runt,
171 3353 232 3411 sive
252 3370 366 3410 omnem
388 3349 513 3431 physicas
540 3350 576 3407 ab
595 3349 747 3408 Aristotele
771 3349 893 3409 definitae
913 3372 1065 3431 campum,
1085 3344 1146 3426 sive

68 3458 169 3540 agellos
196 3455 394 3516 tantummodo
414 3455 523 3537 aliquot
540 3454 577 3514 ad
600 3455 709 3515 cultum
731 3477 815 3515 suum
831 3456 1036 3518 traduxissent.
1066 3456 1143 3533 Quos

67 3587 162 3625 omncs
180 3586 330 3624 recensere
345 3564 463 3645 longum
478 3575 522 3622 est
533 3606 541 3633 ‚
554 3583 608 3620 nec
622 3561 708 3640 hujus
722 3562 778 3621 loci
790 3574 819 3621 et
829 3564 960 3622 instituti.

104 3669 264 3730 Stoicorum
276 3682 373 3729 tamen
383 3669 491 3728 mentio
505 3690 538 3728 eo
552 3669 647 3727 minus
661 3669 799 3748 praeteriri
813 3681 923 3750 potest,
939 3692 997 3750 quo
1011 3669 1145 3746 luculen-

67 3776 120 3835 tius
135 3798 236 3838 eorum
254 3776 381 3838 studium
401 3788 563 3855 est,quum
579 3775 707 3834 omnium
725 3773 959 3857 philosophorum
971 3778 1095 3835 rationes
1114 3778 1143 3834 iu
1169 3770 1172 3779 '

68 3896 160 3964 partes
177 3903 242 3944 suas
259 3881 383 3943 ducendi
405 3894 433 3943 et
456 3883 544 3943 exiis
561 3904 668 3941 novum
683 3882 764 3962 quasi
782 3881 932 3942 edificium
955 3883 1143 3955 exstruendi,

67 4003 125 4051 tum
141 3972 210 4052 vero
226 3991 409 4051 Aristotelem
427 3991 552 4051 maxime
571 3990 601 4048 in
620 3988 827 4070 assequendi,
846 4002 879 4049 ut
895 3990 957 4068 ejus
974 3990 1144 4050 divisionem

67 4096 252 4180 philosophiae
260 4096 404 4178 triplicem
420 4096 605 4179 adoptarent,
627 4094 754 4177 Physicae
772 4091 901 4156 medium
919 4098 994 4156 inter
1010 4096 1144 4177 Logicam

68 4218 96 4264 et
110 4204 244 4267 Ethicam
264 4207 359 4266 locum
374 4205 550 4279 tribuentes,
573 4224 737 4286 quanqum
760 4203 851 4264 multo
863 4204 956 4264 latiori
971 4224 1058 4265 sensu
1080 4224 1142 4264 earu
