2640 4800
151 375 174 442 6
253 363 261 373 ’
378 372 517 441 FRlD.
544 371 664 437 ERN.
692 370 1002 440 RUHKOPFII

152 516 284 576 doctrinae
299 515 427 577 studium
441 512 670 595 promovendum
685 513 844 593 adjuvaret.
864 515 952 595 Cujus
969 516 1087 597 quidem
1101 517 1189 578 stadii
1203 531 1233 580 et

150 622 270 683 ossiduae
284 621 438 704 diligentiae
451 619 560 681 fructus
574 621 642 679 sads
663 633 793 681 moturus
811 619 865 689 latit
886 622 960 683 liber
979 622 1017 683 de
1035 624 1177 697 Cometis,
1201 637 1234 684 ut

151 731 214 810 ipse
229 728 367 802 tradidit,
384 749 472 808 quem
485 738 585 808 postea
600 739 782 787 retractatum
801 726 876 788 foras
896 728 977 789 dedit
987 730 1062 790 libro
1076 731 1134 792 Vll
1145 729 1233 807 Qua-

150 838 296 910 stionum,
314 857 404 917 quum
418 855 508 911 senex
528 835 565 894 ab
580 834 651 895 aule
665 834 817 895 calumniis
832 848 861 895 et
878 836 1119 897 sollicitudinibus
1133 859 1233 898 seces-

152 942 244 1000 sisset.
263 941 338 1001 Nam
352 962 372 1001 o
383 962 454 1003 sene
467 941 573 1001 librum
585 961 658 1021 ,esse
672 920 860 1023 compositum
875 942 960 1023 plura
976 943 1076 1002 insunt
1092 943 1233 1005 volumini

150 1048 277 1122 indicia,
294 1070 321 1109 e.
340 1071 367 1108 c.
389 1048 441 1108 lib.
464 1047 509 1110 VI
533 1049 596 1109 init.
619 1069 682 1130 quae
701 1069 868 1109 coacervare
884 1062 973 1131 atque
992 1049 1139 1113 cumulare
1155 1050 1233 1110 nibil

152 1158 265 1217 attinet.
288 1157 349 1218 Nec
373 1157 411 1218 de
433 1154 563 1226 Lrwsb'o,
582 1155 695 1216 cui'bae
714 1156 863 1219 Naturales
885 1157 1062 1233 Quaestiones
1084 1156 1234 1239 adscriptae

153 1276 242 1337 sunt,
258 1263 417 1345 quidquam
432 1264 548 1324 afferam
563 1306 572 1337 ,
588 1285 679 1346 quutu
693 1263 762 1324 alibi
782 1261 834 1345 (in
850 1263 958 1345 praeiat.
972 1264 1041 1327 vot.
1058 1263 1106 1324 ΙΙΙ
1124 1264 1233 1325 Nostrae

152 1370 223 1430 edit.
238 1393 269 1451 p.
283 1366 304 1429 8
319 1368 486 1451 praemissa)
497 1369 534 1429 de
548 1391 583 1429 eo
599 1372 719 1453 egerim.

180 1476 333 1538 'Caeterum
348 1477 451 1559 ispius
467 1479 528 1559 ipse
543 1463 643 1539 ciusas
657 1478 819 1539 luculenter
831 1477 955 1549 indicat,
967 1475 1074 1559 quibus
1087 1489 1235 1557 permotus

149 1583 187 1648 sd
207 1584 261 1644 boc
283 1584 413 1645 studium
431 1584 665 1665 amplectendum
682 1596 711 1643 et
726 1581 762 1643 od
781 1583 833 1641 bas
850 1583 1018 1663 questiones
1038 1582 1236 1663 suscipiendos

151 1691 280 1750 animum
298 1691 453 1776 appulerit.
470 1689 584 1748 Naturae
599 1689 708 1769 quippe
726 1687 909 1770 indagatione
923 1701 953 1749 et
968 1689 1131 1771 cognitione
1151 1689 1236 1749 nobis

150 1797 214 1859 dori
223 1798 264 1857 ait
273 1798 433 1877 pleniorem
446 1795 612 1855 facultatem
624 1807 653 1855 et
663 1796 905 1877 opportunitatem
917 1797 1013 1856 Deum
1024 1795 1235 1878 cognoscendi,

149 1901 332 1973 admirandi,
350 1900 485 1975 amandi,
504 1914 533 1961 et
552 1901 709 1962 venerandi
731 1915 794 1962 tum
814 1904 910 1962 animo
932 1915 994 1962 tum
1008 1904 1089 1976 vita,
1110 1902 1236 1984 ideoque

153 2010 345 2069 sincerissimo
365 2008 538 2069 adorationis
559 2021 589 2069 et
611 2010 759 2092 religionis
779 2008 865 2070 modo
888 2011 948 2069 suis
966 2031 1111 2091 quemque
1133 2009 1238 2071 officiis

154 2114 347 2198 periungendi
368 2130 397 2176 et
418 2139 499 2176 suam
519 2137 664 2198 quemque
683 2129 790 2177 sortem
811 2130 896 2199 atque
910 2117 1105 2177 conditionem
1125 2114 1261 2200 coguo-¹

154 2223 267 2297 scendi,
280 2237 350 2296 etc.;
360 2245 473 2284 summo
483 2224 580 2304 itaque
587 2223 682 2285 studio
693 2223 889 2307 dignissimam
899 2223 1132 2306 essepbysicam
1141 2225 1238 2301 Quure

156 2332 188 2391 in
202 2331 277 2390 hauc
298 2333 478 2413 potissimum
499 2331 624 2413 physicae
645 2333 801 2405 virtutem,
817 2331 895 2393 baud
915 2332 1003 2393 dubie
1015 2333 1236 2412 gravissimam,

156 2460 256 2499 omnes
272 2439 362 2498 animi
377 2440 452 2500 vires
474 2438 632 2499 intendisse
655 2439 786 2499 videmus
810 2463 818 2497 ε
839 2460 897 2520 quo
917 2450 1047 2519 spectant
1069 2439 1155 2498 etiam
1175 2440 1239 2518 ejus

154 2567 313 2619 excursus,
329 2548 380 2627 qui
397 2569 510 2608 morum
526 2546 707 2627 simplicitate
721 2559 851 2607 veterum
863 2544 1093 2608 commendando
1106 2557 1135 2605 et
1147 2545 1241 2606 redu-

156 2653 249 2715 cenda
259 2698 268 2727 ,
280 2667 366 2736 aque
389 2654 572 2734 corruptione
590 2650 775 2713 vehementer
790 2653 950 2714 accusanda
966 2665 1052 2734 atque
1073 2653 1240 2734 castiganda

157 2761 350 2820 continentur.
366 2761 494 2820 Alteram
511 2773 605 2819 tamen
622 2757 746 2840 physicae
763 2771 893 2840 partem,
906 2782 969 2841 quae
985 2761 1016 2821 in
1028 2762 1092 2820 vitae
1108 2758 1240 2820 bumanae

157 2879 186 2925 ct
201 2867 342 2926 societatis
357 2867 513 2926 commodis
531 2865 700 2946 adjuvandis
718 2867 862 2937 cernitur,
879 2878 907 2925 et
920 2868 1040 2927 maximi
1057 2865 1240 2929 hauddubie

159 2975 297 3033 momenti
311 2984 370 3046 est,
387 2975 483 3034 animo
497 2972 610 3033 Sonecae
626 2972 726 3032 itidem
737 2973 917 3035 obversatam
932 2993 1013 3046 csse,
1030 2993 1066 3032 ex
1079 2973 1150 3033 locis
1160 2993 1242 3053 quae-

158 3081 284 3139 stionum
298 3080 443 3139 nonnullis
457 3079 553 3160 colligi
569 3079 654 3153 licet,
672 3078 725 3138 scd
744 3079 805 3158 ejus
820 3100 897 3137 nunc
919 3099 978 3137 non
1001 3079 1179 3159 potissimam
1193 3100 1245 3137 ro-

158 3188 265 3246 tionem
287 3185 411 3259 babere,
427 3187 548 3266 opinor,
566 3185 674 3256 voluit,
698 3185 834 3264 quoniam
854 3184 948 3257 illud,
972 3184 1051 3266 qaod
1065 3185 1159 3265 primo
1177 3184 1243 3243 loco

159 3295 324 3374 posuimus,
334 3292 477 3373 precipue
487 3291 542 3350 sibi
553 3290 740 3372 quaerendum
750 3303 953 3373 proposuerat,
965 3293 1122 3372 posteriore
1133 3291 1243 3372 quippe

161 3413 224 3459 turn
237 3399 418 3460 mechanices
435 3412 464 3458 et
476 3400 637 3480 geometriae
650 3397 784 3458 studiosis
798 3410 883 3479 atque
896 3399 1051 3459 artificibus
1065 3397 1243 3478 medicisque

159 3507 198 3567 ad
212 3505 394 3567 tractandum
410 3526 546 3564 concesso
560 3549 568 3578 ,
583 3508 655 3564 'tum
675 3506 707 3563 in
728 3504 857 3565 doctrina
878 3503 915 3565 de
936 3506 1065 3586 sapiente
1089 3518 1117 3567 et
1137 3506 1244 3565 artium

161 3615 373 3674 inventionibus
388 3613 494 3693 exponi
506 3591 620 3686 solito,
638 3611 737 3694 quod,
755 3625 788 3670 ut
810 3635 902 3671 unum
923 3634 1082 3673 memorent
1096 3655 1105 3684 ,
1121 3611 1245 3679 Posido-

163 3724 228 3782 nius
242 3722 386 3781 luculente
400 3721 528 3792 secerat,
544 3733 640 3780 nostro
655 3721 732 3780 clare
746 3719 915 3780 ostendente
930 3721 961 3779 in
974 3717 1067 3800 Epist.
1083 3739 1130 3780 xc.

201 3829 287 3904 Quod
303 3831 399 3910 itaque
415 3851 473 3887 non
488 3829 579 3909 magis
593 3839 691 3886 nostro
706 3839 750 3886 est
759 3827 829 3885 vitio
844 3827 1014 3887 vertendum
1028 3871 1036 3902 ‚
1050 3850 1137 3909 quam
1151 3827 1243 3902 illud,

164 3937 243 4018 quod
268 3936 395 4018 generali
418 3933 543 4016 physicae
567 3947 648 4017 parte
669 3934 794 4006 omissa,
821 3955 905 4013 φιειω
930 3954 981 3992 nos
1000 3933 1118 4014 quidem
1139 3935 1246 4015 cuique

162 4044 333 4126 compendio
348 4043 435 4123 hujus
448 4043 582 4103 doctrinae
603 4042 779 4123 praemissam
793 4039 942 4114 videmus,
960 4042 1095 4100 continuo
1111 4040 1149 4100 ad
1167 4041 1246 4122 ipsas

159 4153 284 4234 singulas
301 4173 347 4212 res
362 4151 545 4232 explicandas
569 4148 790 4232 progrediatur,
812 4161 840 4206 ct
857 4160 966 4207 tanturn
987 4149 1061 4209 absit
1076 4160 1108 4207 ut
1126 4149 1246 4209 mothe-
