<?xml version="1.0" encoding="UTF-8"?>
<!DOCTYPE html PUBLIC "-//W3C//DTD XHTML 1.0 Transitional//EN"
    "http://www.w3.org/TR/xhtml1/DTD/xhtml1-transitional.dtd">
<html xmlns="http://www.w3.org/1999/xhtml" xml:lang="en" lang="en">
 <head>
  <title>
</title>
<meta http-equiv="Content-Type" content="text/html;charset=utf-8" />
  <meta name='ocr-system' content='tesseract 3.04.00' />
  <meta name='ocr-capabilities' content='ocr_page ocr_carea ocr_par ocr_line ocrx_word'/>
</head>
<body>
  <div class='ocr_page' id='page_1' title='image "bibliothecaclas24lemagoog_0024.png"; bbox 0 0 2640 4800; ppageno 0'>
   <div class='ocr_carea' id='block_1_1' title="bbox 406 360 1145 482">
    <p class='ocr_par' dir='ltr' id='par_1_1' title="bbox 406 360 1145 482">
     <span class='ocr_line' id='line_1_1' title="bbox 406 360 1145 482; baseline 0.009 -7"><span class='ocrx_word' id='word_1_1' title='bbox 406 360 412 374; x_wconf 60' lang='grc'><strong>’</strong></span> <span class='ocrx_word' id='word_1_2' title='bbox 447 406 751 477; x_wconf 71' lang='lat' dir='ltr'>rasso-Tro.</span> <span class='ocrx_word' id='word_1_3' title='bbox 1124 415 1145 482; x_wconf 79' lang='lat' dir='ltr'>s</span> 
     </span>
    </p>
   </div>
   <div class='ocr_carea' id='block_1_2' title="bbox 22 552 1214 4267">
    <p class='ocr_par' dir='ltr' id='par_1_2' title="bbox 22 552 1192 2960">
     <span class='ocr_line' id='line_1_2' title="bbox 58 552 1192 636; baseline -0.003 -17"><span class='ocrx_word' id='word_1_4' title='bbox 58 557 211 619; x_wconf 81' lang='lat' dir='ltr'>Neminem</span> <span class='ocrx_word' id='word_1_5' title='bbox 227 567 325 617; x_wconf 84' lang='lat' dir='ltr'>autem</span> <span class='ocrx_word' id='word_1_6' title='bbox 344 555 431 636; x_wconf 85' lang='lat' dir='ltr'>paulo</span> <span class='ocrx_word' id='word_1_7' title='bbox 447 553 595 613; x_wconf 89' lang='lat' dir='ltr'>erectioris</span> <span class='ocrx_word' id='word_1_8' title='bbox 618 553 727 635; x_wconf 89' lang='lat' dir='ltr'>ingenii</span> <span class='ocrx_word' id='word_1_9' title='bbox 749 553 844 611; x_wconf 85' lang='lat' dir='ltr'>virum</span> <span class='ocrx_word' id='word_1_10' title='bbox 865 552 939 626; x_wconf 89' lang='lat' dir='ltr'>boc,</span> <span class='ocrx_word' id='word_1_11' title='bbox 957 554 1036 635; x_wconf 91' lang='lat' dir='ltr'>qnod</span> <span class='ocrx_word' id='word_1_12' title='bbox 1050 558 1148 630; x_wconf 89' lang='lat' dir='ltr'>innui,</span> <span class='ocrx_word' id='word_1_13' title='bbox 1190 611 1192 615; x_wconf 75' lang='grc'>,</span> 
     </span>
     <span class='ocr_line' id='line_1_3' title="bbox 58 641 1150 745; baseline -0.002 -20"><span class='ocrx_word' id='word_1_14' title='bbox 58 664 196 745; x_wconf 78' lang='lat' dir='ltr'>temporis</span> <span class='ocrx_word' id='word_1_15' title='bbox 207 661 323 743; x_wconf 85' lang='lat' dir='ltr'>spatio,</span> <span class='ocrx_word' id='word_1_16' title='bbox 339 661 388 741; x_wconf 88' lang='lat' dir='ltr'>qui</span> <span class='ocrx_word' id='word_1_17' title='bbox 406 660 444 720; x_wconf 90' lang='lat' dir='ltr'>sd</span> <span class='ocrx_word' id='word_1_18' title='bbox 451 672 587 720; x_wconf 87' lang='lat' dir='ltr'>naturam</span> <span class='ocrx_word' id='word_1_19' title='bbox 600 681 697 720; x_wconf 87' lang='lat' dir='ltr'>rerum</span> <span class='ocrx_word' id='word_1_20' title='bbox 709 660 917 740; x_wconf 78' lang='lat' dir='ltr'><strong>explorandam</strong></span> <span class='ocrx_word' id='word_1_21' title='bbox 928 641 1056 719; x_wconf 88' lang='lat' dir='ltr'>animum</span> <span class='ocrx_word' id='word_1_22' title='bbox 1067 684 1150 723; x_wconf 88' lang='lat' dir='ltr'>suum</span> 
     </span>
     <span class='ocr_line' id='line_1_4' title="bbox 60 764 1172 848; baseline -0.004 -17"><span class='ocrx_word' id='word_1_23' title='bbox 60 769 244 842; x_wconf 84' lang='lat' dir='ltr'>attendisset,</span> <span class='ocrx_word' id='word_1_24' title='bbox 270 768 439 840; x_wconf 73' lang='lat' dir='ltr'>exstitisse,</span> <span class='ocrx_word' id='word_1_25' title='bbox 462 768 533 848; x_wconf 91' lang='lat' dir='ltr'>quin</span> <span class='ocrx_word' id='word_1_26' title='bbox 557 764 602 824; x_wconf 87' lang='lat' dir='ltr'>bis</span> <span class='ocrx_word' id='word_1_27' title='bbox 623 766 704 825; x_wconf 87' lang='lat' dir='ltr'>libris</span> <span class='ocrx_word' id='word_1_28' title='bbox 728 765 908 826; x_wconf 79' lang='lat' dir='ltr'>excutiendis</span> <span class='ocrx_word' id='word_1_29' title='bbox 927 788 1044 848; x_wconf 85' lang='lat' dir='ltr'>operam</span> <span class='ocrx_word' id='word_1_30' title='bbox 1069 789 1172 843; x_wconf 16' lang='lat' dir='ltr'>suam,</span> 
     </span>
     <span class='ocr_line' id='line_1_5' title="bbox 60 872 1152 959; baseline -0.005 -21"><span class='ocrx_word' id='word_1_31' title='bbox 60 877 183 950; x_wconf 62' lang='lat' dir='ltr'>diam,</span> <span class='ocrx_word' id='word_1_32' title='bbox 199 877 288 959; x_wconf 87' lang='lat' dir='ltr'>longa</span> <span class='ocrx_word' id='word_1_33' title='bbox 302 876 432 934; x_wconf 82' lang='lat' dir='ltr'>virorum</span> <span class='ocrx_word' id='word_1_34' title='bbox 451 872 656 934; x_wconf 82' lang='lat' dir='ltr'>excellentium</span> <span class='ocrx_word' id='word_1_35' title='bbox 670 875 789 953; x_wconf 79' lang='lat' dir='ltr'>cujusve</span> <span class='ocrx_word' id='word_1_36' title='bbox 800 874 853 933; x_wconf 75' lang='lat' dir='ltr'>asi</span> <span class='ocrx_word' id='word_1_37' title='bbox 867 873 943 933; x_wconf 90' lang='lat' dir='ltr'>serie</span> <span class='ocrx_word' id='word_1_38' title='bbox 956 873 1059 932; x_wconf 85' lang='lat' dir='ltr'>harum</span> <span class='ocrx_word' id='word_1_39' title='bbox 1069 895 1152 954; x_wconf 74' lang='lat' dir='ltr'>quse-</span> 
     </span>
     <span class='ocr_line' id='line_1_6' title="bbox 59 979 1148 1063; baseline -0.002 -20"><span class='ocrx_word' id='word_1_40' title='bbox 59 986 184 1044; x_wconf 89' lang='lat' dir='ltr'>stionnm</span> <span class='ocrx_word' id='word_1_41' title='bbox 202 982 397 1044; x_wconf 84' lang='lat' dir='ltr'>studiosomm</span> <span class='ocrx_word' id='word_1_42' title='bbox 418 981 535 1063; x_wconf 85' lang='lat' dir='ltr'>probari</span> <span class='ocrx_word' id='word_1_43' title='bbox 554 991 659 1062; x_wconf 87' lang='lat' dir='ltr'>potest.</span> <span class='ocrx_word' id='word_1_44' title='bbox 683 979 747 1039; x_wconf 92' lang='lat' dir='ltr'>Nisi</span> <span class='ocrx_word' id='word_1_45' title='bbox 767 979 822 1039; x_wconf 89' lang='lat' dir='ltr'>boc</span> <span class='ocrx_word' id='word_1_46' title='bbox 839 980 958 1040; x_wconf 87' lang='lat' dir='ltr'>doceret</span> <span class='ocrx_word' id='word_1_47' title='bbox 974 979 1059 1040; x_wconf 86' lang='lat' dir='ltr'>codd.</span> <span class='ocrx_word' id='word_1_48' title='bbox 1079 1003 1148 1042; x_wconf 86' lang='lat' dir='ltr'>mss.</span> 
     </span>
     <span class='ocr_line' id='line_1_7' title="bbox 60 1086 1150 1174; baseline -0.002 -24"><span class='ocrx_word' id='word_1_49' title='bbox 60 1091 180 1174; x_wconf 86' lang='lat' dir='ltr'>insignis</span> <span class='ocrx_word' id='word_1_50' title='bbox 194 1090 295 1172; x_wconf 86' lang='lat' dir='ltr'>copia,</span> <span class='ocrx_word' id='word_1_51' title='bbox 312 1087 368 1147; x_wconf 91' lang='lat' dir='ltr'>boc</span> <span class='ocrx_word' id='word_1_52' title='bbox 383 1108 420 1147; x_wconf 86' lang='lat' dir='ltr'>ex</span> <span class='ocrx_word' id='word_1_53' title='bbox 435 1100 478 1148; x_wconf 89' lang='lat' dir='ltr'>tot</span> <span class='ocrx_word' id='word_1_54' title='bbox 491 1088 637 1168; x_wconf 84' lang='lat' dir='ltr'>tantisque</span> <span class='ocrx_word' id='word_1_55' title='bbox 652 1086 793 1167; x_wconf 86' lang='lat' dir='ltr'>exemplis</span> <span class='ocrx_word' id='word_1_56' title='bbox 807 1086 1005 1147; x_wconf 74' lang='lat' dir='ltr'>laudationum</span> <span class='ocrx_word' id='word_1_57' title='bbox 1019 1108 1150 1172; x_wconf 83' lang='lat' dir='ltr'>commc-</span> 
     </span>
     <span class='ocr_line' id='line_1_8' title="bbox 60 1193 1149 1276; baseline -0.004 -19"><span class='ocrx_word' id='word_1_58' title='bbox 60 1199 329 1276; x_wconf 84' lang='lat' dir='ltr'>morationumque,</span> <span class='ocrx_word' id='word_1_59' title='bbox 346 1194 452 1275; x_wconf 88' lang='lat' dir='ltr'>quibus</span> <span class='ocrx_word' id='word_1_60' title='bbox 463 1193 611 1252; x_wconf 85' lang='lat' dir='ltr'>volumina</span> <span class='ocrx_word' id='word_1_61' title='bbox 626 1204 688 1250; x_wconf 90' lang='lat' dir='ltr'>tum</span> <span class='ocrx_word' id='word_1_62' title='bbox 703 1193 875 1272; x_wconf 87' lang='lat' dir='ltr'>scriptorum</span> <span class='ocrx_word' id='word_1_63' title='bbox 891 1194 934 1252; x_wconf 86' lang='lat' dir='ltr'>rei</span> <span class='ocrx_word' id='word_1_64' title='bbox 949 1194 1078 1267; x_wconf 74' lang='lat' dir='ltr'>rustico,</span> <span class='ocrx_word' id='word_1_65' title='bbox 1098 1195 1149 1275; x_wconf 86' lang='lat' dir='ltr'>qni</span> 
     </span>
     <span class='ocr_line' id='line_1_9' title="bbox 61 1298 1148 1385; baseline -0.004 -21"><span class='ocrx_word' id='word_1_66' title='bbox 61 1316 123 1385; x_wconf 88' lang='lat' dir='ltr'>post</span> <span class='ocrx_word' id='word_1_67' title='bbox 144 1325 214 1364; x_wconf 90' lang='lat' dir='ltr'>eum</span> <span class='ocrx_word' id='word_1_68' title='bbox 240 1303 439 1383; x_wconf 84' lang='lat' dir='ltr'>scripserunt,</span> <span class='ocrx_word' id='word_1_69' title='bbox 456 1312 520 1359; x_wconf 91' lang='lat' dir='ltr'>turn</span> <span class='ocrx_word' id='word_1_70' title='bbox 544 1298 723 1378; x_wconf 87' lang='lat' dir='ltr'>reliquorum</span> <span class='ocrx_word' id='word_1_71' title='bbox 749 1300 814 1359; x_wconf 81' lang='lat' dir='ltr'>aevi·</span> <span class='ocrx_word' id='word_1_72' title='bbox 828 1300 997 1380; x_wconf 79' lang='lat' dir='ltr'>antiquioris</span> <span class='ocrx_word' id='word_1_73' title='bbox 1020 1302 1148 1360; x_wconf 81' lang='lat' dir='ltr'>virorum</span> 
     </span>
     <span class='ocr_line' id='line_1_10' title="bbox 61 1405 1145 1491; baseline -0.006 -20"><span class='ocrx_word' id='word_1_74' title='bbox 61 1410 228 1482; x_wconf 80' lang='lat' dir='ltr'>doctorum,</span> <span class='ocrx_word' id='word_1_75' title='bbox 245 1430 309 1491; x_wconf 81' lang='lat' dir='ltr'>quse</span> <span class='ocrx_word' id='word_1_76' title='bbox 328 1410 494 1468; x_wconf 78' lang='lat' dir='ltr'>etiamnunc</span> <span class='ocrx_word' id='word_1_77' title='bbox 508 1406 642 1466; x_wconf 89' lang='lat' dir='ltr'>manibus</span> <span class='ocrx_word' id='word_1_78' title='bbox 657 1406 761 1466; x_wconf 88' lang='lat' dir='ltr'>nostris</span> <span class='ocrx_word' id='word_1_79' title='bbox 775 1416 923 1479; x_wconf 86' lang='lat' dir='ltr'>teruntur,</span> <span class='ocrx_word' id='word_1_80' title='bbox 939 1405 1046 1466; x_wconf 78' lang='lat' dir='ltr'>referta</span> <span class='ocrx_word' id='word_1_81' title='bbox 1060 1419 1145 1482; x_wconf 90' lang='lat' dir='ltr'>sunt,</span> 
     </span>
     <span class='ocr_line' id='line_1_11' title="bbox 62 1511 1147 1597; baseline -0.002 -22"><span class='ocrx_word' id='word_1_82' title='bbox 62 1517 167 1596; x_wconf 88' lang='lat' dir='ltr'>optime</span> <span class='ocrx_word' id='word_1_83' title='bbox 177 1514 275 1597; x_wconf 79' lang='lat' dir='ltr'>colligi</span> <span class='ocrx_word' id='word_1_84' title='bbox 288 1515 398 1574; x_wconf 89' lang='lat' dir='ltr'>liceret.</span> <span class='ocrx_word' id='word_1_85' title='bbox 413 1511 549 1573; x_wconf 82' lang='lat' dir='ltr'>Emultis</span> <span class='ocrx_word' id='word_1_86' title='bbox 562 1533 670 1593; x_wconf 88' lang='lat' dir='ltr'>paucos</span> <span class='ocrx_word' id='word_1_87' title='bbox 683 1532 843 1571; x_wconf 89' lang='lat' dir='ltr'>memorare</span> <span class='ocrx_word' id='word_1_88' title='bbox 855 1511 951 1570; x_wconf 87' lang='lat' dir='ltr'>liceat.</span> <span class='ocrx_word' id='word_1_89' title='bbox 966 1512 1147 1574; x_wconf 89' lang='lat' dir='ltr'>Documento</span> 
     </span>
     <span class='ocr_line' id='line_1_12' title="bbox 62 1615 1148 1704; baseline -0.004 -22"><span class='ocrx_word' id='word_1_90' title='bbox 62 1624 135 1682; x_wconf 90' lang='lat' dir='ltr'>enim</span> <span class='ocrx_word' id='word_1_91' title='bbox 148 1634 218 1685; x_wconf 71' lang='lat' dir='ltr'>sumt</span> <span class='ocrx_word' id='word_1_92' title='bbox 231 1621 427 1704; x_wconf 73' lang='lat' dir='ltr'>Augustinus,</span> <span class='ocrx_word' id='word_1_93' title='bbox 443 1618 573 1679; x_wconf 89' lang='lat' dir='ltr'>Isidorus</span> <span class='ocrx_word' id='word_1_94' title='bbox 584 1616 774 1701; x_wconf 85' lang='lat' dir='ltr'>hispalensis,</span> <span class='ocrx_word' id='word_1_95' title='bbox 789 1615 886 1690; x_wconf 90' lang='lat' dir='ltr'>Beda,</span> <span class='ocrx_word' id='word_1_96' title='bbox 900 1617 1071 1677; x_wconf 85' lang='lat' dir='ltr'>Vincentius</span> <span class='ocrx_word' id='word_1_97' title='bbox 1083 1621 1148 1678; x_wconf 89' lang='lat' dir='ltr'>bel-</span> 
     </span>
     <span class='ocr_line' id='line_1_13' title="bbox 62 1723 1148 1805; baseline -0.001 -19"><span class='ocrx_word' id='word_1_98' title='bbox 62 1726 231 1800; x_wconf 86' lang='lat' dir='ltr'>lovacensis,</span> <span class='ocrx_word' id='word_1_99' title='bbox 247 1726 375 1787; x_wconf 81' lang='lat' dir='ltr'>loannes</span> <span class='ocrx_word' id='word_1_100' title='bbox 387 1726 623 1799; x_wconf 87' lang='lat' dir='ltr'>saresberiensis,</span> <span class='ocrx_word' id='word_1_101' title='bbox 639 1725 782 1785; x_wconf 79' lang='lat' dir='ltr'>liebertus</span> <span class='ocrx_word' id='word_1_102' title='bbox 792 1723 928 1805; x_wconf 83' lang='lat' dir='ltr'>Boylius,</span> <span class='ocrx_word' id='word_1_103' title='bbox 942 1724 980 1783; x_wconf 90' lang='lat' dir='ltr'>al.</span> <span class='ocrx_word' id='word_1_104' title='bbox 992 1768 1000 1798; x_wconf 94' lang='lat'>,</span> <span class='ocrx_word' id='word_1_105' title='bbox 1014 1747 1031 1782; x_wconf 92' lang='lat' dir='ltr'>a</span> <span class='ocrx_word' id='word_1_106' title='bbox 1043 1725 1148 1805; x_wconf 86' lang='lat' dir='ltr'>quibus</span> 
     </span>
     <span class='ocr_line' id='line_1_14' title="bbox 63 1830 1147 1915; baseline -0.002 -22"><span class='ocrx_word' id='word_1_107' title='bbox 63 1831 109 1893; x_wconf 85' lang='lat' dir='ltr'>bas</span> <span class='ocrx_word' id='word_1_108' title='bbox 130 1834 304 1915; x_wconf 75' lang='lat' dir='ltr'>quaestiones</span> <span class='ocrx_word' id='word_1_109' title='bbox 329 1853 404 1913; x_wconf 81' lang='lat' dir='ltr'>saepe</span> <span class='ocrx_word' id='word_1_110' title='bbox 420 1830 548 1892; x_wconf 86' lang='lat' dir='ltr'>laudatas</span> <span class='ocrx_word' id='word_1_111' title='bbox 570 1843 621 1890; x_wconf 88' lang='lat' dir='ltr'>aut</span> <span class='ocrx_word' id='word_1_112' title='bbox 632 1843 783 1912; x_wconf 87' lang='lat' dir='ltr'>usurpatas</span> <span class='ocrx_word' id='word_1_113' title='bbox 806 1831 948 1889; x_wconf 87' lang='lat' dir='ltr'>videmus.</span> <span class='ocrx_word' id='word_1_114' title='bbox 972 1830 1033 1890; x_wconf 90' lang='lat' dir='ltr'>Nec</span> <span class='ocrx_word' id='word_1_115' title='bbox 1050 1845 1147 1891; x_wconf 87' lang='lat' dir='ltr'>tamen</span> 
     </span>
     <span class='ocr_line' id='line_1_15' title="bbox 63 1930 1148 2021; baseline -0.003 -19"><span class='ocrx_word' id='word_1_116' title='bbox 63 1943 147 2003; x_wconf 69' lang='lat' dir='ltr'>nocui</span> <span class='ocrx_word' id='word_1_117' title='bbox 162 1930 225 2000; x_wconf 63' lang='lat' dir='ltr'>⁴aevi</span> <span class='ocrx_word' id='word_1_118' title='bbox 252 1939 403 2021; x_wconf 82' lang='lat' dir='ltr'>physicam</span> <span class='ocrx_word' id='word_1_119' title='bbox 425 1939 596 1998; x_wconf 87' lang='lat' dir='ltr'>callentibus</span> <span class='ocrx_word' id='word_1_120' title='bbox 624 1939 744 2019; x_wconf 86' lang='lat' dir='ltr'>ejusque</span> <span class='ocrx_word' id='word_1_121' title='bbox 767 1938 928 1997; x_wconf 86' lang='lat' dir='ltr'>amantibus</span> <span class='ocrx_word' id='word_1_122' title='bbox 952 1938 1021 1997; x_wconf 86' lang='lat' dir='ltr'>viris</span> <span class='ocrx_word' id='word_1_123' title='bbox 1044 1938 1148 1999; x_wconf 87' lang='lat' dir='ltr'>barum</span> 
     </span>
     <span class='ocr_line' id='line_1_16' title="bbox 64 2043 1144 2125; baseline -0.002 -20"><span class='ocrx_word' id='word_1_124' title='bbox 64 2048 248 2124; x_wconf 67' lang='lat' dir='ltr'>questionum</span> <span class='ocrx_word' id='word_1_125' title='bbox 263 2044 391 2105; x_wconf 86' lang='lat' dir='ltr'>studium</span> <span class='ocrx_word' id='word_1_126' title='bbox 408 2066 467 2104; x_wconf 94' lang='lat' dir='ltr'>non</span> <span class='ocrx_word' id='word_1_127' title='bbox 486 2043 749 2104; x_wconf 88' lang='lat' dir='ltr'>commendandum</span> <span class='ocrx_word' id='word_1_128' title='bbox 771 2055 833 2114; x_wconf 84' lang='lat' dir='ltr'>est,</span> <span class='ocrx_word' id='word_1_129' title='bbox 858 2043 1093 2125; x_wconf 89' lang='lat' dir='ltr'>quandoquidem</span> <span class='ocrx_word' id='word_1_130' title='bbox 1114 2046 1144 2103; x_wconf 89' lang='lat' dir='ltr'>in</span> 
     </span>
     <span class='ocr_line' id='line_1_17' title="bbox 22 2149 1146 2231; baseline 0 -22"><span class='ocrx_word' id='word_1_131' title='bbox 22 2189 25 2199; x_wconf 83' lang='lat'><strong>·</strong></span> <span class='ocrx_word' id='word_1_132' title='bbox 65 2151 95 2209; x_wconf 86' lang='lat' dir='ltr'>iis</span> <span class='ocrx_word' id='word_1_133' title='bbox 105 2151 204 2211; x_wconf 70' lang='lat' dir='ltr'>multe</span> <span class='ocrx_word' id='word_1_134' title='bbox 220 2162 249 2211; x_wconf 88' lang='lat' dir='ltr'>et</span> <span class='ocrx_word' id='word_1_135' title='bbox 263 2173 303 2211; x_wconf 80' lang='lat' dir='ltr'>eae</span> <span class='ocrx_word' id='word_1_136' title='bbox 318 2151 465 2231; x_wconf 76' lang='lat' dir='ltr'>exquisite</span> <span class='ocrx_word' id='word_1_137' title='bbox 478 2149 692 2212; x_wconf 85' lang='lat' dir='ltr'>observationes</span> <span class='ocrx_word' id='word_1_138' title='bbox 707 2151 826 2223; x_wconf 90' lang='lat' dir='ltr'>insunt,</span> <span class='ocrx_word' id='word_1_139' title='bbox 842 2161 906 2208; x_wconf 89' lang='lat' dir='ltr'>turn</span> <span class='ocrx_word' id='word_1_140' title='bbox 922 2170 996 2208; x_wconf 82' lang='lat' dir='ltr'>verae</span> <span class='ocrx_word' id='word_1_141' title='bbox 1011 2151 1065 2209; x_wconf 67' lang='lat' dir='ltr'>illae</span> <span class='ocrx_word' id='word_1_142' title='bbox 1078 2152 1146 2230; x_wconf 90' lang='lat' dir='ltr'>qui·-</span> 
     </span>
     <span class='ocr_line' id='line_1_18' title="bbox 64 2257 1143 2338; baseline 0 -22"><span class='ocrx_word' id='word_1_143' title='bbox 64 2257 144 2331; x_wconf 89' lang='lat' dir='ltr'>dem,</span> <span class='ocrx_word' id='word_1_144' title='bbox 162 2270 226 2318; x_wconf 90' lang='lat' dir='ltr'>tum</span> <span class='ocrx_word' id='word_1_145' title='bbox 240 2257 317 2330; x_wconf 75' lang='lat' dir='ltr'>alie,</span> <span class='ocrx_word' id='word_1_146' title='bbox 333 2279 396 2338; x_wconf 82' lang='lat' dir='ltr'>quae</span> <span class='ocrx_word' id='word_1_147' title='bbox 406 2277 497 2337; x_wconf 89' lang='lat' dir='ltr'>quum</span> <span class='ocrx_word' id='word_1_148' title='bbox 510 2277 569 2315; x_wconf 90' lang='lat' dir='ltr'>non</span> <span class='ocrx_word' id='word_1_149' title='bbox 584 2277 791 2336; x_wconf 83' lang='lat' dir='ltr'>usquequaque</span> <span class='ocrx_word' id='word_1_150' title='bbox 805 2258 917 2316; x_wconf 87' lang='lat' dir='ltr'>veritati</span> <span class='ocrx_word' id='word_1_151' title='bbox 930 2257 1143 2338; x_wconf 86' lang='lat' dir='ltr'>respondeant,</span> 
     </span>
     <span class='ocr_line' id='line_1_19' title="bbox 65 2362 1144 2447; baseline -0.002 -21"><span class='ocrx_word' id='word_1_152' title='bbox 65 2374 154 2426; x_wconf 83' lang='lat' dir='ltr'>tamen</span> <span class='ocrx_word' id='word_1_153' title='bbox 167 2368 209 2426; x_wconf 89' lang='lat' dir='ltr'>ita</span> <span class='ocrx_word' id='word_1_154' title='bbox 222 2376 488 2447; x_wconf 65' lang='lat' dir='ltr'>compascentem,</span> <span class='ocrx_word' id='word_1_155' title='bbox 504 2376 538 2424; x_wconf 90' lang='lat' dir='ltr'>ut</span> <span class='ocrx_word' id='word_1_156' title='bbox 551 2362 590 2423; x_wconf 88' lang='lat' dir='ltr'>ad</span> <span class='ocrx_word' id='word_1_157' title='bbox 607 2365 758 2423; x_wconf 86' lang='lat' dir='ltr'>veritatem</span> <span class='ocrx_word' id='word_1_158' title='bbox 774 2363 897 2439; x_wconf 91' lang='lat' dir='ltr'>ducant,</span> <span class='ocrx_word' id='word_1_159' title='bbox 918 2376 947 2424; x_wconf 89' lang='lat' dir='ltr'>et</span> <span class='ocrx_word' id='word_1_160' title='bbox 962 2367 1032 2425; x_wconf 84' lang='lat' dir='ltr'>alias</span> <span class='ocrx_word' id='word_1_161' title='bbox 1051 2377 1080 2424; x_wconf 92' lang='lat' dir='ltr'>et</span> <span class='ocrx_word' id='word_1_162' title='bbox 1096 2387 1144 2425; x_wconf 86' lang='lat' dir='ltr'>eas</span> 
     </span>
     <span class='ocr_line' id='line_1_20' title="bbox 66 2470 1144 2556; baseline -0.003 -23"><span class='ocrx_word' id='word_1_163' title='bbox 66 2475 209 2556; x_wconf 78' lang='lat' dir='ltr'>egregias,</span> <span class='ocrx_word' id='word_1_164' title='bbox 232 2473 418 2556; x_wconf 88' lang='lat' dir='ltr'>cogitationes</span> <span class='ocrx_word' id='word_1_165' title='bbox 441 2472 614 2554; x_wconf 82' lang='lat' dir='ltr'>progignere</span> <span class='ocrx_word' id='word_1_166' title='bbox 636 2470 756 2551; x_wconf 89' lang='lat' dir='ltr'>possint.</span> <span class='ocrx_word' id='word_1_167' title='bbox 782 2471 884 2551; x_wconf 85' lang='lat' dir='ltr'>Neque</span> <span class='ocrx_word' id='word_1_168' title='bbox 902 2493 971 2531; x_wconf 85' lang='lat' dir='ltr'>vero</span> <span class='ocrx_word' id='word_1_169' title='bbox 990 2471 1144 2532; x_wconf 79' lang='lat' dir='ltr'>defuerunt</span> 
     </span>
     <span class='ocr_line' id='line_1_21' title="bbox 65 2576 1144 2660; baseline -0.001 -22"><span class='ocrx_word' id='word_1_170' title='bbox 65 2582 161 2640; x_wconf 88' lang='lat' dir='ltr'>nostris</span> <span class='ocrx_word' id='word_1_171' title='bbox 176 2579 355 2660; x_wconf 88' lang='lat' dir='ltr'>temporibus</span> <span class='ocrx_word' id='word_1_172' title='bbox 371 2578 469 2638; x_wconf 85' lang='lat' dir='ltr'>eximii</span> <span class='ocrx_word' id='word_1_173' title='bbox 486 2578 517 2636; x_wconf 93' lang='lat' dir='ltr'>in</span> <span class='ocrx_word' id='word_1_174' title='bbox 531 2576 666 2637; x_wconf 80' lang='lat' dir='ltr'>studiosis</span> <span class='ocrx_word' id='word_1_175' title='bbox 682 2589 790 2636; x_wconf 81' lang='lat' dir='ltr'>natura</span> <span class='ocrx_word' id='word_1_176' title='bbox 802 2578 875 2649; x_wconf 85' lang='lat' dir='ltr'>viri,</span> <span class='ocrx_word' id='word_1_177' title='bbox 890 2579 940 2659; x_wconf 90' lang='lat' dir='ltr'>qui</span> <span class='ocrx_word' id='word_1_178' title='bbox 956 2580 1074 2637; x_wconf 84' lang='lat' dir='ltr'>virtutes</span> <span class='ocrx_word' id='word_1_179' title='bbox 1086 2578 1144 2637; x_wconf 87' lang='lat' dir='ltr'>ha-</span> 
     </span>
     <span class='ocr_line' id='line_1_22' title="bbox 64 2682 1142 2768; baseline -0.005 -21"><span class='ocrx_word' id='word_1_180' title='bbox 64 2708 121 2747; x_wconf 85' lang='lat' dir='ltr'>rum</span> <span class='ocrx_word' id='word_1_181' title='bbox 145 2687 334 2768; x_wconf 77' lang='lat' dir='ltr'>quaestionum</span> <span class='ocrx_word' id='word_1_182' title='bbox 357 2697 546 2768; x_wconf 82' lang='lat' dir='ltr'>agnoscerent</span> <span class='ocrx_word' id='word_1_183' title='bbox 571 2696 600 2743; x_wconf 89' lang='lat' dir='ltr'>et</span> <span class='ocrx_word' id='word_1_184' title='bbox 624 2684 720 2766; x_wconf 89' lang='lat' dir='ltr'>palam</span> <span class='ocrx_word' id='word_1_185' title='bbox 743 2684 973 2764; x_wconf 82' lang='lat' dir='ltr'>profiterentur:</span> <span class='ocrx_word' id='word_1_186' title='bbox 997 2706 1014 2743; x_wconf 88' lang='lat' dir='ltr'>e</span> <span class='ocrx_word' id='word_1_187' title='bbox 1037 2682 1142 2765; x_wconf 90' lang='lat' dir='ltr'>quibus</span> 
     </span>
     <span class='ocr_line' id='line_1_23' title="bbox 64 2788 1158 2872; baseline 0.001 -23"><span class='ocrx_word' id='word_1_188' title='bbox 64 2790 238 2853; x_wconf 79' lang='lat' dir='ltr'>Koestnerum</span> <span class='ocrx_word' id='word_1_189' title='bbox 256 2805 285 2852; x_wconf 89' lang='lat' dir='ltr'>ct</span> <span class='ocrx_word' id='word_1_190' title='bbox 301 2789 559 2868; x_wconf 74' lang='lat' dir='ltr'>Lr&#39;ebteodergritm,</span> <span class='ocrx_word' id='word_1_191' title='bbox 578 2789 722 2872; x_wconf 78' lang='lat' dir='ltr'>Gottingae</span> <span class='ocrx_word' id='word_1_192' title='bbox 741 2810 835 2870; x_wconf 92' lang='lat' dir='ltr'>nuper</span> <span class='ocrx_word' id='word_1_193' title='bbox 853 2788 956 2849; x_wconf 86' lang='lat' dir='ltr'>decora</span> <span class='ocrx_word' id='word_1_194' title='bbox 972 2802 1001 2848; x_wconf 89' lang='lat' dir='ltr'>et</span> <span class='ocrx_word' id='word_1_195' title='bbox 1014 2791 1158 2872; x_wconf 80' lang='lat' dir='ltr'>lumina,</span> 
     </span>
     <span class='ocr_line' id='line_1_24' title="bbox 65 2887 810 2960; baseline -0.005 -2"><span class='ocrx_word' id='word_1_196' title='bbox 65 2903 223 2960; x_wconf 86' lang='lat' dir='ltr'>nominasse</span> <span class='ocrx_word' id='word_1_197' title='bbox 237 2902 368 2960; x_wconf 87' lang='lat' dir='ltr'>sufficiat.</span> <span class='ocrx_word' id='word_1_198' title='bbox 385 2940 391 2950; x_wconf 91' lang='lat'>-</span> <span class='ocrx_word' id='word_1_199' title='bbox 808 2887 810 2891; x_wconf 45' lang='grc'>’</span> 
     </span>
    </p>

    <p class='ocr_par' dir='ltr' id='par_1_3' title="bbox 60 3007 1214 4267">
     <span class='ocr_line' id='line_1_25' title="bbox 100 3007 1142 3091; baseline 0.003 -25"><span class='ocrx_word' id='word_1_200' title='bbox 100 3007 224 3091; x_wconf 80' lang='lat' dir='ltr'>Egregie</span> <span class='ocrx_word' id='word_1_201' title='bbox 239 3010 336 3088; x_wconf 86' lang='lat' dir='ltr'>itaque</span> <span class='ocrx_word' id='word_1_202' title='bbox 357 3007 470 3067; x_wconf 72' lang='lat' dir='ltr'>Senecae</span> <span class='ocrx_word' id='word_1_203' title='bbox 492 3029 628 3089; x_wconf 87' lang='lat' dir='ltr'>operam,</span> <span class='ocrx_word' id='word_1_204' title='bbox 650 3029 736 3087; x_wconf 86' lang='lat' dir='ltr'>quam</span> <span class='ocrx_word' id='word_1_205' title='bbox 751 3009 782 3067; x_wconf 88' lang='lat' dir='ltr'>in</span> <span class='ocrx_word' id='word_1_206' title='bbox 798 3007 982 3067; x_wconf 83' lang='lat' dir='ltr'>conficiendis</span> <span class='ocrx_word' id='word_1_207' title='bbox 996 3008 1041 3067; x_wconf 90' lang='lat' dir='ltr'>bis</span> <span class='ocrx_word' id='word_1_208' title='bbox 1060 3009 1142 3069; x_wconf 89' lang='lat' dir='ltr'>libris</span> 
     </span>
     <span class='ocr_line' id='line_1_26' title="bbox 65 3114 1141 3197; baseline 0.003 -25"><span class='ocrx_word' id='word_1_209' title='bbox 65 3115 256 3188; x_wconf 84' lang='lat' dir='ltr'>collocabant,</span> <span class='ocrx_word' id='word_1_210' title='bbox 274 3127 303 3175; x_wconf 92' lang='lat' dir='ltr'>et</span> <span class='ocrx_word' id='word_1_211' title='bbox 324 3116 475 3175; x_wconf 88' lang='lat' dir='ltr'>consilium</span> <span class='ocrx_word' id='word_1_212' title='bbox 500 3114 579 3196; x_wconf 92' lang='lat' dir='ltr'>quod</span> <span class='ocrx_word' id='word_1_213' title='bbox 601 3115 785 3196; x_wconf 83' lang='lat' dir='ltr'>sequebatur,</span> <span class='ocrx_word' id='word_1_214' title='bbox 809 3117 977 3175; x_wconf 87' lang='lat' dir='ltr'>successisse</span> <span class='ocrx_word' id='word_1_215' title='bbox 993 3117 1141 3197; x_wconf 72' lang='lat' dir='ltr'>predicari</span> 
     </span>
     <span class='ocr_line' id='line_1_27' title="bbox 64 3221 1140 3303; baseline 0.001 -22"><span class='ocrx_word' id='word_1_216' title='bbox 64 3221 134 3282; x_wconf 87' lang='lat' dir='ltr'>licet.</span> <span class='ocrx_word' id='word_1_217' title='bbox 157 3223 210 3282; x_wconf 86' lang='lat' dir='ltr'>Uti</span> <span class='ocrx_word' id='word_1_218' title='bbox 226 3223 321 3294; x_wconf 83' lang='lat' dir='ltr'>enin,</span> <span class='ocrx_word' id='word_1_219' title='bbox 341 3243 399 3303; x_wconf 87' lang='lat' dir='ltr'>quo</span> <span class='ocrx_word' id='word_1_220' title='bbox 415 3234 445 3282; x_wconf 91' lang='lat' dir='ltr'>et</span> <span class='ocrx_word' id='word_1_221' title='bbox 460 3222 571 3281; x_wconf 85' lang='lat' dir='ltr'>civibus</span> <span class='ocrx_word' id='word_1_222' title='bbox 587 3222 646 3280; x_wconf 85' lang='lat' dir='ltr'>suis</span> <span class='ocrx_word' id='word_1_223' title='bbox 667 3233 696 3280; x_wconf 91' lang='lat' dir='ltr'>et</span> <span class='ocrx_word' id='word_1_224' title='bbox 710 3223 831 3303; x_wconf 89' lang='lat' dir='ltr'>posteris</span> <span class='ocrx_word' id='word_1_225' title='bbox 853 3221 1023 3303; x_wconf 90' lang='lat' dir='ltr'>prodesset,</span> <span class='ocrx_word' id='word_1_226' title='bbox 1042 3245 1140 3282; x_wconf 90' lang='lat' dir='ltr'>omnes</span> 
     </span>
     <span class='ocr_line' id='line_1_28' title="bbox 64 3326 1148 3407; baseline 0.006 -25"><span class='ocrx_word' id='word_1_227' title='bbox 64 3347 123 3386; x_wconf 88' lang='lat' dir='ltr'>suos</span> <span class='ocrx_word' id='word_1_228' title='bbox 136 3328 227 3387; x_wconf 87' lang='lat' dir='ltr'>libros</span> <span class='ocrx_word' id='word_1_229' title='bbox 241 3329 435 3407; x_wconf 88' lang='lat' dir='ltr'>composuisse</span> <span class='ocrx_word' id='word_1_230' title='bbox 453 3327 532 3387; x_wconf 85' lang='lat' dir='ltr'>baud</span> <span class='ocrx_word' id='word_1_231' title='bbox 547 3327 635 3387; x_wconf 89' lang='lat' dir='ltr'>semel</span> <span class='ocrx_word' id='word_1_232' title='bbox 658 3326 749 3386; x_wconf 90' lang='lat' dir='ltr'>lassus</span> <span class='ocrx_word' id='word_1_233' title='bbox 767 3341 830 3401; x_wconf 90' lang='lat' dir='ltr'>est,</span> <span class='ocrx_word' id='word_1_234' title='bbox 854 3331 893 3387; x_wconf 89' lang='lat' dir='ltr'>ita</span> <span class='ocrx_word' id='word_1_235' title='bbox 909 3330 1059 3388; x_wconf 88' lang='lat' dir='ltr'>Naturales</span> <span class='ocrx_word' id='word_1_236' title='bbox 1081 3331 1148 3389; x_wconf 58' lang='lat' dir='ltr'>im«</span> 
     </span>
     <span class='ocr_line' id='line_1_29' title="bbox 63 3433 1138 3519; baseline 0.005 -27"><span class='ocrx_word' id='word_1_237' title='bbox 63 3434 158 3511; x_wconf 87' lang='lat' dir='ltr'>primis</span> <span class='ocrx_word' id='word_1_238' title='bbox 172 3433 349 3508; x_wconf 75' lang='lat' dir='ltr'>Quaestiones</span> <span class='ocrx_word' id='word_1_239' title='bbox 360 3433 415 3493; x_wconf 90' lang='lat' dir='ltr'>boc</span> <span class='ocrx_word' id='word_1_240' title='bbox 426 3434 527 3494; x_wconf 91' lang='lat' dir='ltr'>eodem</span> <span class='ocrx_word' id='word_1_241' title='bbox 541 3435 662 3494; x_wconf 90' lang='lat' dir='ltr'>consilio</span> <span class='ocrx_word' id='word_1_242' title='bbox 674 3435 834 3495; x_wconf 84' lang='lat' dir='ltr'>elaborasse</span> <span class='ocrx_word' id='word_1_243' title='bbox 849 3449 935 3517; x_wconf 89' lang='lat' dir='ltr'>atque</span> <span class='ocrx_word' id='word_1_244' title='bbox 950 3437 1097 3519; x_wconf 84' lang='lat' dir='ltr'>evulgasse</span> <span class='ocrx_word' id='word_1_245' title='bbox 1108 3440 1138 3497; x_wconf 90' lang='lat' dir='ltr'>in</span> 
     </span>
     <span class='ocr_line' id='line_1_30' title="bbox 63 3540 1138 3624; baseline 0.007 -29"><span class='ocrx_word' id='word_1_246' title='bbox 63 3542 155 3620; x_wconf 83' lang='lat' dir='ltr'>aprico</span> <span class='ocrx_word' id='word_1_247' title='bbox 170 3552 222 3600; x_wconf 89' lang='lat' dir='ltr'>cst.</span> <span class='ocrx_word' id='word_1_248' title='bbox 238 3540 353 3599; x_wconf 84' lang='lat' dir='ltr'>Utilitas</span> <span class='ocrx_word' id='word_1_249' title='bbox 374 3541 483 3622; x_wconf 91' lang='lat' dir='ltr'>quippe</span> <span class='ocrx_word' id='word_1_250' title='bbox 500 3563 536 3600; x_wconf 85' lang='lat' dir='ltr'>ex</span> <span class='ocrx_word' id='word_1_251' title='bbox 551 3542 604 3600; x_wconf 87' lang='lat' dir='ltr'>bac</span> <span class='ocrx_word' id='word_1_252' title='bbox 625 3553 733 3600; x_wconf 77' lang='lat' dir='ltr'>naturae</span> <span class='ocrx_word' id='word_1_253' title='bbox 755 3542 938 3624; x_wconf 85' lang='lat' dir='ltr'>indagatione</span> <span class='ocrx_word' id='word_1_254' title='bbox 956 3557 985 3602; x_wconf 88' lang='lat' dir='ltr'>et</span> <span class='ocrx_word' id='word_1_255' title='bbox 1005 3556 1138 3604; x_wconf 89' lang='lat' dir='ltr'>contem-</span> 
     </span>
     <span class='ocr_line' id='line_1_31' title="bbox 61 3643 1147 3728; baseline 0.008 -25"><span class='ocrx_word' id='word_1_256' title='bbox 61 3643 184 3723; x_wconf 79' lang='lat' dir='ltr'>platione</span> <span class='ocrx_word' id='word_1_257' title='bbox 202 3647 233 3705; x_wconf 91' lang='lat' dir='ltr'>in</span> <span class='ocrx_word' id='word_1_258' title='bbox 249 3646 338 3704; x_wconf 85' lang='lat' dir='ltr'>vitam</span> <span class='ocrx_word' id='word_1_259' title='bbox 359 3645 513 3705; x_wconf 86' lang='lat' dir='ltr'>humanam</span> <span class='ocrx_word' id='word_1_260' title='bbox 530 3648 695 3707; x_wconf 87' lang='lat' dir='ltr'>redundans</span> <span class='ocrx_word' id='word_1_261' title='bbox 716 3650 771 3728; x_wconf 87' lang='lat' dir='ltr'>ipsi</span> <span class='ocrx_word' id='word_1_262' title='bbox 790 3662 919 3709; x_wconf 79' lang='lat' dir='ltr'>tantane</span> <span class='ocrx_word' id='word_1_263' title='bbox 942 3662 1000 3709; x_wconf 86' lang='lat' dir='ltr'>tam</span> <span class='ocrx_word' id='word_1_264' title='bbox 1019 3652 1147 3712; x_wconf 63' lang='lat' dir='ltr'>mirifica,</span> 
     </span>
     <span class='ocr_line' id='line_1_32' title="bbox 60 3753 1136 3835; baseline 0.006 -22"><span class='ocrx_word' id='word_1_265' title='bbox 60 3773 118 3824; x_wconf 75' lang='lat' dir='ltr'>esse</span> <span class='ocrx_word' id='word_1_266' title='bbox 132 3753 296 3827; x_wconf 81' lang='lat' dir='ltr'>videbatur,</span> <span class='ocrx_word' id='word_1_267' title='bbox 311 3764 344 3813; x_wconf 91' lang='lat' dir='ltr'>ut</span> <span class='ocrx_word' id='word_1_268' title='bbox 355 3755 414 3832; x_wconf 86' lang='lat' dir='ltr'>jam</span> <span class='ocrx_word' id='word_1_269' title='bbox 429 3754 497 3814; x_wconf 91' lang='lat' dir='ltr'>inde</span> <span class='ocrx_word' id='word_1_270' title='bbox 509 3777 525 3814; x_wconf 88' lang='lat' dir='ltr'>a</span> <span class='ocrx_word' id='word_1_271' title='bbox 538 3756 639 3835; x_wconf 88' lang='lat' dir='ltr'>primis</span> <span class='ocrx_word' id='word_1_272' title='bbox 656 3755 853 3817; x_wconf 73' lang='lat' dir='ltr'>adolescentia</span> <span class='ocrx_word' id='word_1_273' title='bbox 869 3779 925 3816; x_wconf 73' lang='lat' dir='ltr'>suae</span> <span class='ocrx_word' id='word_1_274' title='bbox 939 3760 1021 3817; x_wconf 86' lang='lat' dir='ltr'>annis</span> <span class='ocrx_word' id='word_1_275' title='bbox 1036 3758 1136 3819; x_wconf 76' lang='lat' dir='ltr'>Stoicae</span> 
     </span>
     <span class='ocr_line' id='line_1_33' title="bbox 60 3861 1136 3947; baseline 0.006 -27"><span class='ocrx_word' id='word_1_276' title='bbox 60 3874 159 3934; x_wconf 69' lang='lat' dir='ltr'>secur,</span> <span class='ocrx_word' id='word_1_277' title='bbox 177 3882 264 3942; x_wconf 89' lang='lat' dir='ltr'>quam</span> <span class='ocrx_word' id='word_1_278' title='bbox 287 3861 343 3919; x_wconf 90' lang='lat' dir='ltr'>nisi</span> <span class='ocrx_word' id='word_1_279' title='bbox 364 3873 476 3921; x_wconf 85' lang='lat' dir='ltr'>mature</span> <span class='ocrx_word' id='word_1_280' title='bbox 497 3874 674 3922; x_wconf 86' lang='lat' dir='ltr'>consectatus</span> <span class='ocrx_word' id='word_1_281' title='bbox 695 3884 778 3937; x_wconf 90' lang='lat' dir='ltr'>esse,</span> <span class='ocrx_word' id='word_1_282' title='bbox 798 3877 874 3925; x_wconf 89' lang='lat' dir='ltr'>certe</span> <span class='ocrx_word' id='word_1_283' title='bbox 894 3888 951 3924; x_wconf 89' lang='lat' dir='ltr'>non</span> <span class='ocrx_word' id='word_1_284' title='bbox 970 3866 1136 3947; x_wconf 89' lang='lat' dir='ltr'>repudiasse</span> 
     </span>
     <span class='ocr_line' id='line_1_34' title="bbox 60 3966 1136 4054; baseline 0.007 -30"><span class='ocrx_word' id='word_1_285' title='bbox 60 3968 180 4041; x_wconf 87' lang='lat' dir='ltr'>videtur,</span> <span class='ocrx_word' id='word_1_286' title='bbox 196 3970 282 4028; x_wconf 87' lang='lat' dir='ltr'>etiam</span> <span class='ocrx_word' id='word_1_287' title='bbox 293 3969 324 4028; x_wconf 92' lang='lat' dir='ltr'>in</span> <span class='ocrx_word' id='word_1_288' title='bbox 337 3966 391 4028; x_wconf 91' lang='lat' dir='ltr'>boc</span> <span class='ocrx_word' id='word_1_289' title='bbox 402 3971 629 4030; x_wconf 86' lang='lat' dir='ltr'>amantissimum</span> <span class='ocrx_word' id='word_1_290' title='bbox 645 3991 708 4030; x_wconf 85' lang='lat' dir='ltr'>sese</span> <span class='ocrx_word' id='word_1_291' title='bbox 723 3985 886 4052; x_wconf 70' lang='lat' dir='ltr'>prestaret,</span> <span class='ocrx_word' id='word_1_292' title='bbox 903 3985 934 4031; x_wconf 85' lang='lat' dir='ltr'>ut</span> <span class='ocrx_word' id='word_1_293' title='bbox 948 3972 1136 4054; x_wconf 79' lang='lat' dir='ltr'>philosophiae</span> 
     </span>
     <span class='ocr_line' id='line_1_35' title="bbox 60 4077 1134 4159; baseline 0.005 -26"><span class='ocrx_word' id='word_1_294' title='bbox 60 4087 167 4154; x_wconf 83' lang='lat' dir='ltr'>partem</span> <span class='ocrx_word' id='word_1_295' title='bbox 182 4097 199 4133; x_wconf 84' lang='lat' dir='ltr'>a</span> <span class='ocrx_word' id='word_1_296' title='bbox 214 4077 315 4136; x_wconf 84' lang='lat' dir='ltr'>Stoicis</span> <span class='ocrx_word' id='word_1_297' title='bbox 334 4077 474 4157; x_wconf 87' lang='lat' dir='ltr'>imprimis</span> <span class='ocrx_word' id='word_1_298' title='bbox 496 4092 618 4138; x_wconf 79' lang='lat' dir='ltr'>amatam</span> <span class='ocrx_word' id='word_1_299' title='bbox 633 4091 719 4159; x_wconf 80' lang='lat' dir='ltr'>atquc</span> <span class='ocrx_word' id='word_1_300' title='bbox 741 4080 882 4139; x_wconf 87' lang='lat' dir='ltr'>excultam</span> <span class='ocrx_word' id='word_1_301' title='bbox 898 4081 956 4139; x_wconf 88' lang='lat' dir='ltr'>acri</span> <span class='ocrx_word' id='word_1_302' title='bbox 970 4081 1057 4138; x_wconf 89' lang='lat' dir='ltr'>animi</span> <span class='ocrx_word' id='word_1_303' title='bbox 1073 4080 1134 4138; x_wconf 52' lang='lat' dir='ltr'>lere-</span> 
     </span>
     <span class='ocr_line' id='line_1_36' title="bbox 60 4184 1214 4267; baseline 0.006 -28"><span class='ocrx_word' id='word_1_304' title='bbox 60 4203 127 4266; x_wconf 83' lang='lat' dir='ltr'>rore</span> <span class='ocrx_word' id='word_1_305' title='bbox 149 4184 388 4264; x_wconf 86' lang='lat' dir='ltr'>amplecteretur,</span> <span class='ocrx_word' id='word_1_306' title='bbox 415 4206 468 4245; x_wconf 88' lang='lat' dir='ltr'>nec</span> <span class='ocrx_word' id='word_1_307' title='bbox 492 4185 648 4267; x_wconf 90' lang='lat' dir='ltr'>quidquam</span> <span class='ocrx_word' id='word_1_308' title='bbox 676 4189 918 4267; x_wconf 75' lang='lat' dir='ltr'>pretennitteret,</span> <span class='ocrx_word' id='word_1_309' title='bbox 946 4187 1040 4267; x_wconf 39' lang='lat' dir='ltr'>quoda·</span> <span class='ocrx_word' id='word_1_310' title='bbox 1048 4185 1134 4266; x_wconf 80' lang='lat' dir='ltr'>hujus</span> <span class='ocrx_word' id='word_1_311' title='bbox 1147 4254 1162 4267; x_wconf 16' lang='lat' dir='ltr'>A„</span> <span class='ocrx_word' id='word_1_312' title='bbox 1206 4232 1214 4246; x_wconf 55' lang='lat' dir='ltr'><em>s</em></span> 
     </span>
    </p>
   </div>
   <div class='ocr_carea' id='block_1_3' title="bbox 0 0 1324 4800">
    <p class='ocr_par' dir='ltr' id='par_1_4' title="bbox 0 0 1324 4800">
     <span class='ocr_line' id='line_1_37' title="bbox 0 0 1324 4800; baseline 0 0"><span class='ocrx_word' id='word_1_313' title='bbox 0 0 1324 4800; x_wconf 95' lang='lat' dir='ltr'> </span> 
     </span>
    </p>
   </div>
  </div>
 </body>
</html>
