2640 4800
414 397 782 496 orsoorslrro.
1091 411 1135 478 es

61 562 167 614 maban
179 546 292 632 efficere
306 548 481 638 arbitrentur
495 545 550 608 XI.
568 545 704 627 Spin'lnrn
723 568 783 607 esse
795 567 913 607 amcam
929 547 1060 629 plurimis
1074 551 1141 630 pla*

60 673 126 733 cet,
151 669 185 717 ut
204 653 368 724 Archelao,
388 654 470 735 cujus
496 653 636 712 sententia
652 653 841 733 amplificatur
856 649 935 726 XII,
954 650 1104 716 Anistotelr'
1115 668 1144 715 et

65 763 261 844 Tlleoplrraslo
280 760 410 821 Soanoi
419 804 427 829 ,
449 761 532 839 cujus
552 759 718 838 opinionem
732 744 885 819 adumbrat
898 757 984 820 XIII.
1002 760 1060 820 Ilii
1082 773 1144 821 sta·

63 881 147 931 tuunt
160 869 245 928 aliter
257 888 345 949 quum
359 863 525 927 Aristoteles
536 863 626 939 XIV,
636 863 705 926 XV.
722 866 780 926 Alii
793 867 922 946 epitriton
935 868 1048 927 arielem
1060 867 1147 928 adbi-

64 977 133 1036 beot
151 973 244 1048 XVI,
263 973 314 1054 qni
333 991 386 1054 pro
409 993 462 1031 sua
481 970 640 1031 mobilitate
663 984 768 1032 terram
793 993 911 1033 movere
935 974 1050 1047 valeat,
1066 974 1145 1055 quod

64 1081 142 1142 venti
155 1079 281 1161 probent
297 1098 336 1137 ex
355 1075 481 1136 hiatibus
501 1097 603 1137 recens
622 1077 659 1136 nb
679 1078 714 1136 iis
727 1075 810 1136 lamis
830 1078 1020 1160 probantibus
1036 1077 1125 1142 XVII
1134 1104 1143 1152 ;

64 1185 142 1267 quod
151 1195 186 1244 ut
195 1184 264 1258 liat,
278 1195 428 1243 esttamen
438 1204 530 1265 opus,
543 1194 576 1242 ut
587 1193 708 1242 externa
722 1184 760 1243 sit
773 1205 869 1258 cause,
883 1206 945 1264 quae
960 1206 1027 1246 eum
1040 1187 1147 1268 impel-

64 1293 115 1367 lat,
128 1305 164 1352 ut
174 1312 318 1352 arcerem
327 1302 454 1371 rumpet,
467 1287 548 1369 quod
560 1289 716 1349 verisimile
729 1287 797 1349 facit
805 1291 908 1350 nmilia
921 1293 1012 1362 nostri
1020 1294 1148 1375 corporis

66 1398 177 1459 indoles
199 1395 314 1458 XVIII.
336 1397 391 1455 llis
411 1395 598 1454 continuatur
617 1392 776 1453 Metrodori
793 1397 940 1456 ιειιειιιέὰι.
964 1397 1147 1480 Recognitis,

67 1505 114 1587 qui
129 1503 292 1586 simplicem
305 1500 460 1584 quamdam
481 1520 597 1558 cauum
609 1510 692 1567 terre
705 1511 799 1558 motus
814 1516 995 1582 sumpserant
1009 1503 1148 1578 V-XIX,

68 1603 214 1684 werisit,
235 1610 287 1692 qui
308 1631 413 1671 canas
432 1606 521 1688 ejuse
537 1607 624 1668 ranis
645 1607 864 1687 componebant,
881 1620 915 1669 ut
931 1607 1106 1671 Democn’tres
1122 1625 1152 1671 et

67 1717 206 1800 Epicurus
216 1714 279 1778 *XX
290 1760 299 1789 ,
312 1715 403 1776 Stoici
414 1716 490 1774 inter
506 1732 614 1795 eosque
625 1712 812 1785 Pestilentiae,
830 1715 880 1794 qui
897 1716 977 1776 aonia
992 1737 1054 1777 esse
1069 1726 1151 1776 terne

68 1836 160 1884 motus
182 1843 291 1906 genera
312 1820 434 1881 docebat
447 1817 521 1881 XXI
536 1841 545 1890 3
567 1819 737 1901 quatientem
760 1830 790 1878 et
808 1819 1009 1892 ιἰιεΙίιιαιιίιιιι,
1029 1844 1152 1903 quorum

69 1931 103 1991 ‹le
118 1931 189 2004 illo,
207 1929 259 2010 qni
267 1928 333 1988 labe
345 1939 376 1987 et
389 1927 472 1986 ruina
488 1945 603 2007 quoque
617 1924 680 1985 lieri
692 1925 782 2005 possit
794 1968 804 2000 ,
816 1927 910 2009 agitur
920 1925 1028 2002 XXII,
1046 1928 1083 1988 de
1098 1927 1152 1989 boc

70 2033 189 2109 XXIII,
205 2034 258 2094 ubi
271 2034 356 2094 etiam
377 2028 515 2094 uetantia
537 2031 580 2092 illi
598 2031 699 2091 similis
723 2029 923 2105 Callisthenis,
942 2035 992 2116 qui
1006 2034 1043 2095 ob
1057 2037 1154 2098 nobile

69 2141 282 2222 litteratumque
310 2140 459 2223 ingenium
490 2137 661 2211 celebratur,
693 2138 873 2220 proponitur.
912 2138 979 2201 Post
1002 2139 1054 2200 bas
1076 2141 1154 2202 alio-

70 2271 132 2309 rum
147 2248 304 2310 murtiae
327 2246 452 2328 (leuique
475 2244 583 2304 Seneca
606 2245 666 2325 iprse
673 2243 793 2325 judicat
805 2247 921 2327 copiose
941 2246 1086 2308 disserens
1099 2271 1153 2330 per

70 2378 133 2439 cap.
144 2352 261 2431 XXIV,
273 2352 372 2430 XXV,
384 2352 496 2416 XXVI.
512 2350 633 2412 Accedit
647 2351 765 2432 quidem
780 2355 927 2416 sententie
937 2356 1070 2438 spiritum
1081 2379 1154 2418 cau·

71 2484 129 2523 mm
144 2474 228 2523 teme
241 2473 336 2521 metus
352 2481 415 2522 esse
432 2459 652 2531 arbitrantium,
668 2459 835 2540 opinionem
859 2473 956 2522 autem
967 2464 1156 2544 peculiarem

70 2580 157 2628 vento
172 2569 325 2628 interram
347 2566 441 2627 delato
459 2579 566 2627 terrum
587 2549 880 2647 moveriputantium
898 2589 987 2649 supra
1002 2567 1076 2630 XIV
1095 2572 1157 2630 inr-

71 2677 193 2758 probnt,
207 2675 277 2758 quia
289 2687 392 2735 ventus
405 2697 500 2756 neque
515 2676 545 2734 in
556 2675 645 2735 altum
659 2685 741 2734 terre
757 2674 912 2750 deleratur,
928 2688 958 2736 et
971 2676 1054 2737 sedes
1066 2699 1157 2738 causo

71 2795 152 2843 term
171 2794 303 2843 maurum
317 2783 400 2843 altior
415 2803 476 2843 esse
491 2782 623 2843 videatur
638 2779 752 2842 XXIV.
770 2781 805 2842 ln
818 2784 930 2866 magnis
944 2784 1034 2866 igitur
1048 2806 1157 2866 specu·
1183 2815 1185 2818 >

71 2890 125 2948 bns
139 2889 277 2948 collectus
295 2889 410 2968 spirulas
427 2900 508 2948 muta
522 2889 552 2947 vi
562 2899 669 2947 terram
683 2900 836 2949 concutere
851 2901 881 2949 et
896 2911 1031 2971 rumpere
1044 2905 1155 2973 potest,

72 2995 154 3074 cujas
176 2993 356 3055 omnen
376 2993 543 3054 documento
561 2995 730 3055 afferuntur.
754 2992 819 3054 Hoc
834 3006 930 3055 umen
947 2995 1041 3077 ipsum
1053 2998 1157 3079 ,quod

72 3101 103 3160 iu
117 3100 238 3182 singulis
251 3100 338 3160 modo
357 3097 544 3180 receptaculis
557 3097 673 3177 sunto
686 3096 826 3179 spissatur
838 3121 927 3161 causa
939 3114 1001 3178 est,
1016 3105 1091 3187 quod
1103 3127 1158 3165 non

72 3216 149 3266 terro
172 3207 321 3276 ωιίοινια,
345 3205 397 3265 sed
419 3206 481 3284 ejus
495 3215 606 3264 mutum
628 3213 726 3284 partes
745 3215 909 3267 mereantur
926 3205 1024 3270 XXV.
1052 3208 1090 3270 Ei
1114 3211 1157 3270 rei

74 3313 162 3373 fidem
175 3312 285 3373 Iaciunt
303 3314 433 3395 regiones
446 3355 455 3388 ,
470 3334 533 3392 quac
546 3324 615 3370 sunt
624 3312 721 3372 solidae
732 3333 912 3394 quarumque
923 3316 1016 3376 solum
1027 3319 1158 3377 cavernis

73 3441 131 3479 oon
145 3432 190 3480 est
199 3421 402 3500 interceptum,
415 3431 447 3479 ut
456 3418 596 3500 AEgyptue
608 3419 775 3501 molaque,
793 3442 821 3480 e.
833 3442 860 3480 c.
875 3420 973 3493 Delus,
989 3446 1051 3505 qure
1061 3437 1157 3486 umen

74 3527 141 3606 ipsae
155 3539 236 3587 terre
247 3538 328 3586 motu
339 3549 397 3586 non
412 3539 479 3586 sunt
489 3526 596 3586 liberte.
615 3525 680 3607 Quo
691 3526 769 3606 quod
778 3527 878 3587 casula
884 3529 1025 3613 pleraque
1035 3543 1154 3603 οαεαιιί,

74 3655 161 3713 quarn
172 3631 361 3709 Callisthenes
370 3645 453 3713 putat
464 3633 597 3706 subesse,
610 3654 701 3693 caeno
711 3633 922 3717 longinquioris
934 3659 955 3697 a
969 3639 1047 3698 mari
1058 3660 1160 3698 exem-

75 3739 130 3819 plis
145 3739 295 3800 contrariis
311 3736 450 3819 refellitur
464 3737 576 3798 XXVI.
599 3739 768 3813 Hactenus,
785 3762 848 3821 quae
863 3742 988 3801 motibus
1002 3756 1083 3804 terrae
1096 3744 1158 3804 fere

75 3847 337 3919 communierunt,
353 3846 517 3905 memoratis
530 3846 708 3923 singularia,
732 3847 862 3928 quedam
880 3846 1054 3923 reseruntur,
1075 3863 1109 3910 ut
1122 3850 1160 3911 ‹le

77 3955 255 4034 pestilentia,
271 3966 352 4014 terre
367 3966 461 4013 motus
480 3952 543 4013 fere
564 3935 752 4034 inseqnente,
780 3955 862 4034 cujus
888 3978 1003 4017 causam
1025 3958 1055 4016 in
1077 3959 1159 4020 tetris

76 4063 227 4144 noxiisque
235 4061 390 4142 vaporibus
402 4062 501 4142 ponit,
516 4061 566 4140 qui
578 4082 595 4119 e
606 4072 682 4121 terre
691 4061 866 4134 emittantur,
879 4084 1027 4143 quumque
1038 4063 1160 4125 humiles

77 4169 132 4228 sint
148 4211 158 4244 ,
176 4166 370 4230 orceiacilius
393 4167 536 4250 perimant
555 4164 684 4229 XXVII.
698 4165 788 4228 Terra
811 4167 909 4247 plures
923 4169 994 4228 tales
1010 4170 1161 4244 continet,
