2640 4800
176 319 219 404 da
465 404 468 409 Ι
549 313 594 383 G.
621 311 665 383 D.
693 311 921 382 KOELERt

175 460 289 532 ventis,
304 468 404 540 utpote
418 458 468 540 qui
485 456 666 517 terrestribus
679 496 687 529 ,
700 467 732 516 ut
745 455 912 515 humiliores
925 457 1000 516 sicut
1014 477 1093 538 aquae
1107 460 1253 518 accenseri

174 587 258 648 posse
279 562 442 645 debereque
464 562 590 623 videtur.
618 564 685 623 Acri
709 559 941 624 'commodissime
959 565 1041 646 jungi
1068 565 1252 645 potuissent,

173 694 264 755 quum
280 672 359 731 venti
373 671 453 742 sint,
471 669 534 750 ipso
549 668 659 730 Seneca
677 669 850 745 definiente,
869 670 961 730 fluens
975 692 1034 729 aer.
1051 669 1108 730 Sed
1121 691 1188 731 eum
1202 693 1253 732 no·
1309 722 1312 727 .

172 779 261 839 luisse
272 776 351 836 bunc
363 775 496 838 ordinem
511 788 650 836 monstrat
664 797 758 837 nexus
773 774 896 844 duorum
911 777 1025 836 illorum
1039 778 1179 859 capitum.
1194 776 1252 838 llic

77 885 79 891 '
173 886 262 967 igitur
277 884 351 944 liber
364 883 476 965 primns
493 895 567 942 esset
581 904 680 942 eorum
695 926 704 957 ,
722 884 752 942 in
769 882 875 964 quibus
888 885 1034 943 terrestria
1045 885 1251 959 tractabantur,

173 992 204 1049 in
219 1008 343 1072 quonam
367 988 590 1069 sublimiumque
611 989 694 1068 quasi
716 988 841 1048 confinio
860 989 992 1048 sublimia
1010 1010 1072 1049 esse
1086 989 1249 1052 rideantur.

172 1096 217 1157 Ab
231 1095 286 1155 boc
301 1094 397 1154 locum
413 1115 497 1154 suum
511 1092 629 1153 babebit
642 1094 717 1154 liber
731 1092 796 1168 ΙΙΙ,
819 1091 856 1154 de
872 1072 974 1175 aquis,
990 1093 1029 1155 cf.
1048 1107 1109 1155 not.
1127 1095 1166 1156 ad
1181 1095 1249 1169 ΙΙΙ,

174 1224 185 1263 1
202 1246 211 1275 ,
232 1223 265 1275 r,
280 1222 368 1283 quem
382 1202 519 1282 quomam
539 1200 624 1260 latior
643 1199 680 1260 de
700 1199 766 1260 Nilo
781 1201 899 1280 questio
916 1200 992 1259 ultra
1007 1201 1113 1279 jiukam
1132 1222 1252 1263 menstr-

172 1332 235 1371 rsm
259 1308 456 1383 extendisset,
475 1309 568 1389 rejicit
588 1330 652 1369 earn
672 1310 735 1368 sine
756 1307 845 1368 dubio
865 1309 1017 1389 sepositam
1037 1310 1068 1368 in
1088 1310 1251 1390 proximum

168 1418 286 1478 librum.
301 1417 388 1497 Cujus
400 1417 536 1496 quoniam
552 1416 706 1496 descriptio
714 1416 823 1495 justum
837 1436 896 1474 non
909 1415 1053 1496 explesset
1065 1414 1182 1487 libnun,
1194 1414 1251 1475 slis

169 1525 225 1606 ipsi
250 1524 402 1602 nrbjuncta
425 1521 514 1582 fuisse
537 1522 674 1583 credibile
698 1521 751 1595 lit,
777 1519 908 1602 nihilque
927 1520 1092 1581 credibilius
1112 1520 1252 1601 quamde

170 1632 244 1691 mari
259 1633 381 1714 ejusque
402 1643 472 1690 aestu
496 1631 535 1689 ibi
559 1631 651 1711 egisse
675 1629 835 1703 Senecam,
861 1649 924 1710 qne
939 1650 1043 1711 magna
1059 1641 1167 1688 naturae
1183 1650 1251 1710 pars

170 1739 220 1797 vix
231 1750 344 1820 poterat
357 1736 538 1816 debebatque
549 1734 657 1793 indicta
671 1735 796 1794 transiri.
809 1734 986 1795 Novissimus
996 1734 1075 1795 locus
1087 1746 1162 1795 esset
1169 1748 1252 1794 sexto

173 1841 210 1903 de
221 1844 338 1924 proprie
351 1841 552 1913 terrestribus,
564 1853 613 1899 aut
628 1840 664 1899 de
677 1853 759 1900 terrae
770 1853 861 1900 motu.
874 1840 917 1899 Ita
927 1839 1099 1901 haberemus
1109 1853 1173 1900 octo
1182 1840 1248 1901 Nat.

170 1949 278 2023 Quaest.
294 1948 402 2019 libros,
424 1968 546 2028 qarorum
568 1959 691 2030 quatuor
712 1947 866 2020 sublimia,
884 1960 1007 2029 quatuor
1025 1949 1169 2008 terrestria
1189 1960 1253 2008 tra·

172 2065 318 2127 classem,
338 2072 401 2132 quae
414 2053 523 2133 justum
536 2053 767 2134 quodammodo,
784 2054 837 2113 etsi
854 2075 912 2112 non
931 2053 1082 2129 omnibns,
1098 2075 1171 2136 quos
1188 2055 1252 2136 ipse

173 2160 282 2220 Seneca
297 2161 401 2241 ponit,
426 2146 554 2219 numeris
569 2160 731 2220 absolutum
747 2172 776 2219 et
791 2135 1018 2219 consummatum
1032 2204 1042 2235 ,
1057 2159 1123 2221 Nat.
1143 2160 1249 2237 Qtraest.

172 2285 276 2345 corpus
290 2263 453 2324 coniectura
470 2286 532 2324 esse
546 2263 708 2325 videantur.
724 2265 842 2325 Utinam
862 2265 952 2325 codex
969 2265 1122 2347 aliqamndo
1138 2279 1252 2347 pnetra-

170 2369 256 2430 batur
276 2373 306 2430 in
328 2370 441 2444 lucem,
461 2373 512 2452 qui
533 2369 577 2429 bis
600 2371 686 2431 fidem
709 2371 816 2443 lucian
838 2384 916 2431 certa
937 2373 1013 2431 enim
1033 2373 1172 2453 firmaque
1188 2395 1252 2434 esse

171 2491 320 2560 nequeunt
335 2500 388 2560 per
403 2500 451 2551 ea,
475 2499 539 2560 quae
560 2477 596 2538 de
611 2478 730 2538 consilio
749 2480 872 2539 auctoris
894 2480 924 2538 in
950 2479 1101 2540 scribendo
1118 2482 1251 2564 superins

175 2608 287 2667 scripsi.

212 2691 317 2752 Levior
330 2692 415 2752 simul
428 2703 456 2749 et
470 2689 581 2750 facilior
594 2702 637 2750 est
651 2710 758 2770 opera,
775 2691 888 2751 Senecae
899 2690 965 2751 Nat.
978 2690 1084 2767 Queat.
1099 2694 1130 2751 in
1145 2694 1252 2753 sectio-

173 2819 225 2857 nes
236 2800 338 2858 melius
349 2797 517 2871 dividendi,
528 2819 615 2880 quam
629 2798 714 2880 vulgo
728 2795 835 2859 iactum
849 2811 909 2871 est,
923 2820 1028 2881 quum
1044 2820 1107 2880 quae
1119 2802 1250 2880 sejuncta

171 2918 256 2978 sunt,
274 2928 332 2964 non
348 2908 406 2965 sint
426 2904 565 2985 disjecta,
588 2916 617 2964 et
637 2901 673 2964 ab
694 2917 801 2965 attento
823 2906 930 2964 lectore
950 2906 1019 2963 vitia
1038 2903 1122 2964 lacile
1142 2920 1253 2987 queant

171 3013 244 3072 tolli.
263 3013 371 3073 Passim
390 3035 424 3072 ca
440 3012 522 3071 dere
537 3013 636 3071 monui
650 3012 776 3093 taliaque
790 3012 853 3071 loca
869 3011 993 3071 indicavi
1011 3011 1050 3074 cl.
1069 3013 1103 3086 Ι,
1123 3009 1177 3091 ι4;
1194 3014 1249 3088 ΙΙ,

173 3112 778 3202 28,41‘;111‚13,22‚25;v11,29
814 3136 843 3176 2.

213 3223 328 3297 Restat,
351 3235 384 3283 ut
403 3223 543 3283 nonnulla
566 3222 699 3282 dicantur
717 3222 753 3282 de
775 3223 900 3294 mulene,
920 3245 977 3306 qua
989 3224 1101 3303 subgula
1118 3247 1252 3290 manure

169 3332 262 3391 soleat
271 3330 389 3390 Seneca.
407 3329 524 3389 Clarum
539 3330 569 3388 in
582 3329 751 3388 universum
767 3329 828 3408 ejus
843 3348 906 3389 csse
921 3349 1081 3389 sermonem
1096 3331 1251 3415 ipsumque

171 3458 292 3510 eorum,
315 3458 379 3517 quas
403 3435 575 3508 tradiderit,
599 3437 667 3495 satis
683 3435 773 3495 claras
796 3436 930 3496 babuisse
951 3439 1114 3497 notionesa
1134 3441 1251 3502 nemine

170 3544 332 3626 negabitur.
348 3543 479 3623 Amplius
495 3554 591 3601 temen
606 3553 699 3623 potest
711 3542 800 3624 quaeri
814 3555 895 3615 tum,
913 3564 949 3601 an
963 3544 1114 3624 opiniones
1128 3544 1250 3606 aliorum

170 3650 226 3710 fide
241 3660 271 3709 et
284 3670 352 3709 vere
367 3648 545 3720 reddiderit,
567 3661 597 3708 et
615 3650 639 3707 si
654 3670 712 3730 qna
727 3648 890 3708 obscuriora
904 3662 1004 3722 erant,
1020 3650 1094 3710 bene
1118 3664 1147 3710 et
1169 3673 1251 3711 com·

169 3756 254 3818 mode
268 3757 453 3818 illustraverit
467 3801 475 3829 ,
492 3769 553 3816 tum
569 3779 606 3815 an
621 3778 684 3836 quae
697 3757 759 3837 ipse
772 3756 904 3836 judicans
915 3770 965 3816 aut
978 3756 1083 3818 docens
1093 3759 1251 3840 interponit

171 3876 199 3923 et
213 3864 344 3943 subjicit,
363 3864 485 3946 prodant
500 3862 764 3923 hominembonum
788 3885 884 3923 rerum
903 3865 1108 3946 intelligentem
1124 3878 1153 3925 et
1167 3868 1252 3947 peri-

171 3984 233 4031 tum
246 3992 300 4031 nec
311 3993 359 4031 ne.
377 3971 462 4047 Quod
476 3971 513 4031 ad
529 3971 602 4031 illud
617 3971 735 4042 attinet,
751 3969 888 4049 Senecam
904 3991 978 4053 saepe
991 3971 1111 4032 aliorum
1127 3984 1251 4033 sentcn-

172 4080 224 4138 tias
244 4101 302 4138 non
323 4091 454 4139 accurate
474 4080 541 4138 satis
567 4091 596 4138 ct
619 4078 704 4159 plane
724 4077 845 4139 reddere
870 4100 928 4139 non
950 4079 1100 4153 diffitebor,
1118 4080 1148 4140 id
1169 4081 1248 4162 quod
