2640 4800
138 388 158 431 2
365 352 509 422 FRID.
535 352 653 420 ERN.
679 352 987 423 RUHKOPFII
1043 366 1046 373 '

135 503 278 576 hauserit,
295 502 344 561 vix
357 501 388 559 in
401 499 516 560 illorum
528 517 649 557 numero
667 495 794 558 ducendi
809 511 877 561 sunt
891 522 899 559 ι
913 500 1150 584 quandoquidem
1163 525 1218 564 ne-

133 615 241 673 minem
256 631 293 670 ex
308 610 363 680 iis,
380 606 437 666 nisi
452 605 615 679 Caecinam,
631 603 780 686 adportes
795 619 929 666 vocatum
944 609 976 667 in
990 606 1036 668 his
1050 611 1218 692 questioni·

131 720 184 779 bus
198 716 332 799 legimus.
348 710 466 792 Reliqui
482 712 578 793 itaque
593 709 724 792 quaedam
736 712 937 773 tantummodo
949 726 999 774 aut
1010 716 1215 796 exposuerint,

131 839 180 886 aut
196 822 360 905 attigerint,
382 841 417 878 ex
437 817 563 878 lontibus
578 818 676 899 grecis
693 816 879 893 haurientes,
895 841 1017 901 quorum
1032 822 1217 904 limpitudine

131 946 160 992 et
175 931 305 992 ubertate
327 926 438 988 Seneca
456 926 500 984 uti
523 924 659 984 moluisse
675 924 822 1007 putandus
841 938 895 986 est.
919 926 982 986 Nisi
1002 927 1088 1010 igitur
1106 927 1215 989 Seneca

131 1040 240 1120 primus
266 1035 481 1108 Romanorum,
506 1031 585 1114 quod
608 1053 712 1115 parum
734 1030 834 1092 msum
856 1045 890 1092 ut
905 1035 1023 1114 opiner,
1042 1032 1143 1125 luerit,
1164 1039 1214 1117 qui

128 1166 180 1204 suo
196 1162 340 1225 quamque
355 1139 565 1220 expositionem
579 1137 680 1198 ordine
695 1150 724 1199 et
738 1139 801 1198 loco
813 1128 853 1199 de
864 1160 962 1199 rerum
974 1152 1077 1200 natura
1092 1141 1214 1222 ejusque

128 1249 294 1320 effectibus,
313 1258 453 1329 quatenus
467 1246 657 1326 questionum
672 1266 789 1305 suarum
804 1247 893 1305 series
907 1259 1055 1327 posceret,
1073 1247 1213 1308 collocare

126 1355 298 1426 instituerit,
317 1365 394 1413 certe
417 1352 448 1410 in
469 1351 568 1432 primis
583 1351 745 1412 censendus
763 1364 827 1425 est,
847 1353 897 1432 qui
914 1350 1080 1412 Graecorum
1096 1353 1212 1414 inventa

126 1463 272 1546 colligeret
286 1473 372 1542 atque
389 1458 515 1519 examini
531 1471 668 1518 accurato-
676 1459 841 1539 subjiceret.

167 1568 208 1627 Hi
218 1568 296 1626 enim
306 1566 393 1647 primi
409 1565 557 1637 omnium,
574 1586 646 1644 quos
659 1563 778 1645 quidem
792 1566 943 1638 novimus,
956 1565 1042 1646 hujus
1053 1565 1211 1648 disciplinae

123 1686 254 1735 auctores
268 1671 349 1732 luere
365 1694 374 1729 a
390 1671 499 1751 quippe
517 1670 587 1749 qui,
603 1671 773 1751 utquisque
790 1669 845 1729 luit
855 1672 1085 1754 promptissimus
1095 1674 1211 1755 ingenio

122 1796 289 1864 naturaque
303 1788 333 1840 et
348 1779 478 1839 veritatis
495 1778 704 1859 perspicienda
719 1779 941 1861 cupidissimus,
957 1802 1020 1862 qua
1036 1801 1152 1863 semper
1163 1782 1211 1843 di-

122 1893 230 1952 vinitus
251 1886 306 1946 fuit
327 1885 412 1966 hujus
432 1885 556 1944 nationis
575 1886 815 1964 prestantissimae
832 1886 944 1947 indoles
964 1910 998 1947 ae
1020 1887 1153 1962 fortuna,
1170 1891 1210 1949 ita

123 1997 202 2057 omni
225 1993 285 2054 scre
308 2005 437 2074 tempore
452 1992 636 2074 sagacissime
651 2004 737 2072 atque
751 1992 916 2053 doetimime
932 1993 970 2054 ad
983 2006 1091 2054 nature
1106 2017 1210 2056 arcana

123 2100 285 2185 detegenda
299 2112 385 2182 atque
400 2101 431 2160 in
445 2101 510 2160 luce
527 2099 684 2160 clarissima
699 2099 835 2181 ponenda
849 2102 979 2161 animum
993 2113 1206 2163 convertenmt.

121 2212 251 2273 Historia
267 2222 364 2270 autem
384 2208 483 2283 docet,
500 2209 631 2291 oprimis
652 2208 721 2269 inde
742 2211 938 2293 temporibus,
956 2210 1061 2293 quibus
1077 2209 1209 2291 philoso-

122 2317 206 2399 phari
225 2315 318 2376 Graeci
336 2316 491 2397 coeperint,
510 2326 618 2375 natura
639 2316 767 2376 smdium
789 2329 819 2376 et
837 2318 1030 2399 cognitionem
1044 2319 1075 2377 in
1095 2318 1131 2375 iis
1145 2320 1209 2399 pri-

121 2444 183 2484 mas
198 2423 347 2496 tenuisse,
364 2442 529 2503 quanquam
553 2422 583 2480 in
601 2443 726 2481 errorem
749 2442 781 2482 se
801 2421 905 2482 abduci
929 2425 1006 2504 passi
1025 2435 1092 2483 sunt
1110 2421 1208 2504 philo-

121 2528 227 2612 sophiae
250 2530 326 2588 inter
350 2549 399 2588 eos
424 2540 560 2599 statores,
578 2540 611 2588 ut
631 2530 767 2588 continuo
788 2527 844 2588 hoe
863 2529 987 2589 stadium
1006 2530 1146 2589 intrantes
1168 2529 1207 2590 de

121 2638 256 2699 universo
278 2635 445 2717 disputare,
468 2655 603 2694 numeros
627 2648 777 2714 motusque
797 2636 937 2707 tractare,
959 2647 988 2695 et
1009 2635 1087 2695 unde
1109 2637 1206 2697 omnia

119 2746 281 2816 orirentur,
304 2762 398 2824 queve
418 2738 597 2813 reciderent,
620 2762 706 2821 quam
727 2741 757 2800 in
778 2741 891 2822 sing-ula
905 2752 1013 2800 naturae
1029 2741 1205 2822 effectusque

121 2852 287 2932 inquirere,
311 2848 538 2930 experimentis,
563 2847 808 2919 observationibus
830 2859 858 2906 et
879 2848 1076 2908 instrumentis
1092 2847 1205 2908 idoneis

121 2955 277 3029 adhibitis,
300 2954 464 3014 maluerint.
490 2953 560 3029 Tele
582 2954 696 3013 initium
719 2967 749 3014 et
767 2976 935 3036 progressus
952 2955 1030 3034 cepit
1044 2955 1138 3016 ιὀηἰεα
1151 2957 1205 3016 illo

116 3062 316 3143 philosophae,
334 3062 365 3121 in
382 3062 467 3140 cujus
483 3060 649 3120 societatem
670 3072 698 3120 et
713 3062 796 3142 quasi
813 3061 1102 3120 communicationem
1117 3061 1204 3141 hujus

118 3170 243 3230 instituti
265 3169 390 3250 reliquos
408 3187 524 3249 quoque
543 3165 728 3248 philosophos
752 3168 864 3226 venisse
887 3177 1017 3241 constat,
1036 3167 1127 3228 donec
1145 3170 1204 3229 So·-

118 3285 225 3346 oram,
248 3275 327 3334 inani
346 3295 446 3334 eorum
467 3271 562 3332 studio
579 3273 724 3354 sapienter
741 3283 909 3354 perspecto,
925 3271 1153 3355 philosophiam,
1170 3288 1204 3336 ut

120 3382 269 3443 Cicemnis
283 3380 437 3441 luculentis
459 3379 554 3439 verbis
578 3391 659 3453 utar,
677 3379 828 3440 devocaret
845 3400 861 3438 e
880 3378 968 3454 coelo,
985 3382 1062 3441 etin
1080 3383 1203 3445 urbibus

119 3489 291 3562 collocaret,
320 3489 398 3548 etin
420 3486 520 3547 domos
539 3487 625 3546 etiam
646 3485 842 3546 introduceret
857 3498 887 3546 et
906 3500 1020 3570 cogeret
1036 3487 1073 3549 de
1093 3490 1151 3549 vita
1173 3505 1203 3552 et

118 3598 264 3669 moribus,
281 3596 424 3676 rebusque
440 3594 524 3654 bonis
539 3605 568 3654 et
586 3594 668 3653 malis
687 3614 825 3675 querere.
847 3593 904 3654 Sed
921 3596 1075 3676 quominus
1094 3596 1201 3658 creda-

116 3720 183 3775 musj
191 3749 200 3780 ,
211 3703 342 3775 ¹Thalem
357 3703 477 3784 ejusque
489 3699 643 3782 discipulos
658 3723 691 3761 ac
709 3721 884 3762 successores
901 3701 989 3762 studii
1003 3703 1198 3785 singularum,

114 3813 219 3896 quibus
238 3823 363 3893 systema
384 3809 563 3883 continetur,
579 3809 704 3890 partiam
719 3807 843 3890 physicas
863 3809 1004 3869 rationem
1016 3809 1126 3871 nullam
1141 3811 1200 3873 lra-

15 3899 19 3910 ¹
112 3919 229 3992 buisse,
246 3931 307 3978 tum
326 3916 489 4000 questionis
509 3927 538 3976 et
559 3915 647 3976 studii
667 3928 768 3977 natura
788 3916 928 3999 impedit,
951 3929 1012 3976 tum
1030 3939 1093 3999 que
1113 3920 1199 3981 nobis

113 4028 278 4089 transmissa
292 4036 360 4085 sunt
373 4023 533 4084 studiosum
549 4021 726 4105 fragmenta,
743 4025 862 4106 ipseque
877 4021 985 4083 Seneca
998 4047 1006 4095 ;
1021 4026 1131 4108 quippe
1145 4029 1197 4110 qui

113 4156 188 4216 saepe
203 4133 243 4194 ad
259 4133 323 4193 illos
336 4129 422 4192 laude
436 4130 619 4214 dignissimos
634 4132 814 4213 antiquioris,
825 4132 897 4214 quin
915 4130 987 4194 adeo
1002 4144 1111 4193 cuncte
1126 4133 1197 4217 phi-
