2640 4800
205 389 331 460 NOVl
354 388 601 458 EDlTORlS
621 382 977 459 PRAEMONITIO.
1101 396 1134 462 ix

57 559 201 622 ctorem
208 541 497 627 commendaret
507 551 623 643 qnam
631 554 778 616 naturae
787 528 1134 646 etantiquitatis‚et

58 685 277 763 scientificae
285 683 455 758 historiae
464 683 614 784 peritia,
629 697 668 757 et
682 685 1011 785 quemadmodum
1019 653 1138 761 unde·

60 829 288 905 vicesimum
299 825 485 899 saeculum
496 824 612 899 rebus
625 825 744 926 spirat
758 838 797 898 et
810 825 956 924 arguit,
973 824 1025 898 ita
1040 826 1138 926 stylo

63 970 303 1069 Augusteum
311 990 438 1040 savum
450 965 658 1041 redoleretl
673 965 749 1038 Sed
761 989 981 1039 nonomnes
995 965 1136 1039 omnia.

63 1113 185 1183 immo
195 1109 269 1182 hoo
276 1104 430 1198 accidit,
440 1120 492 1181 ‘ut
501 1120 623 1181 morte
632 1105 838 1207 improvisa
847 1105 1084 1215 interceptus
1092 1105 1140 1178 la

62 1253 128 1327 bor
143 1251 187 1325 in
205 1276 340 1325 manus
356 1274 433 1324 non
452 1250 580 1324 doctas
595 1250 786 1326 evaderet.
805 1249 976 1344 Quarum
993 1248 1142 1323 incuria

62 1392 99 1468 iu
115 1383 365 1468 emendandis
381 1393 520 1493 operis
532 1383 589 1465 tot
606 1391 890 1492 typographicae
907 1391 1056 1469 mendae
1070 1414 1144 1464 no-

64 1534 108 1608 tis
117 1533 263 1635 illapsae
273 1546 376 1622 sunt,
389 1528 434 1605 ut
446 1531 600 1605 nullum
608 1531 862 1606 libentissime
876 1530 1142 1610 affirmaverim

64 1674 391 1776 librnmpluribus
401 1674 507 1749 vitiis
521 1689 684 1766 scatere3
701 1673 756 1747 ita
769 1688 815 1747 ut
829 1673 924 1774 quid
938 1671 1013 1746 sibi
1025 1672 1146 1745 Koele-

65 1843 125 1890 rus
142 1815 332 1906 voluerit,
347 1816 554 1890 decernere
566 1830 604 1890 et
616 1815 826 1890 rescribere
836 1841 913 1890 non
928 1815 1147 1915 infrequen-

65 1972 122 2032 ter
135 1957 461 2033 divinatiofuerit.

66 2139 71 2144 ·
108 2100 371 2176 Divinasimus
387 2101 547 2202 quidem
563 2127 631 2176 nos
645 2128 716 2203 pro
732 2100 836 2174 virili
847 2113 975 2202 parte,
995 2097 1147 2179 refinxi-

69 2267 227 2342 musque
245 2254 457 2343 utcumque
476 2240 653 2315 barbaras
673 2236 831 2343 phrases
850 2253 890 2313 et
904 2231 1084 2328 mutilas,
1104 2239 1145 2311 in

68 2381 135 2458 boc
147 2382 281 2458 sedulo
295 2383 560 2458 incumbentes
576 2398 620 2458 ut
637 2398 694 2457 tot
708 2397 747 2457 et
760 2383 873 2457 tantis
884 2380 1042 2455 maculis
1056 2380 1147 2453 Ger-

70 2528 237 2602 manicus
270 2528 574 2629 doctorprodiret
592 2527 795 2617 liberatus,
813 2539 851 2599 et
871 2525 912 2598 id
929 2524 1001 2598 viri
1020 2524 1068 2596 de
1084 2524 1146 2594 Se·

69 2693 158 2743 neca
172 2670 318 2772 optime
334 2670 465 2743 meriti
479 2669 656 2744 manibus
670 2669 789 2743 Gallia
801 2682 1017 2770 praestaret,
1039 2668 1143 2768 quod

67 2833 140 2884 non
170 2811 348 2911 praestitit
381 2812 596 2886 Germania.
632 2810 782 2912 Stylum
818 2835 972 2911 quoque
1003 2809 1143 2910 passim
1271 2900 1275 2913 ¹

69 2955 320 3047 mutavimus,
340 2982 461 3056 quum
479 2955 565 3056 plus
584 2980 695 3054 aequo
713 2952 897 3027 obscurus
917 2981 937 3026 a
956 2952 1144 3026 latinitate

68 3096 275 3169 recederet.

113 3240 299 3311 Praeterea
326 3239 374 3311 ad
399 3238 488 3311 libri
521 3239 826 3339 uniuscujusque
867 3237 1009 3310 calcem
1044 3235 1145 3308 inter

66 3377 255 3452 Excursus
272 3379 476 3479 rejecimus
492 3379 773 3455 dissertationes
789 3407 874 3481 quae
884 3379 1070 3481 pagellam
1082 3379 1143 3452 vi-

67 3517 255 3592 debantur
264 3518 351 3619 plus
366 3547 482 3620 quam
496 3521 653 3594 alteram
667 3522 852 3595 invasurae
865 3553 876 3613 3
891 3521 989 3594 bene
1006 3521 1144 3594 multas

66 3659 233 3761 denique
253 3686 416 3760 quaeres
436 3664 516 3762 jam
539 3690 558 3734 a
584 3662 801 3761 Ruhkoplio
820 3662 908 3736 satis
939 3663 1143 3737 illustratas

66 3800 275 3877 tractabant
303 3803 351 3876 dc
379 3803 551 3876 consulto
568 3803 901 3904 praetermisimus,
923 3832 970 3877 nc
990 3804 1143 3879 relabe-

67 3972 210 4038 remur,
230 3947 335 4049 quod
353 3974 596 4049 summopere
615 3949 848 4038 cavendum,
864 3948 979 4022 bisin
997 3949 1114 4022 idem.

115 4089 315 4164 Maletum
329 4090 468 4165 nostris
486 4116 685 4189 ageremus
699 4091 735 4164 si
755 4118 829 4165 non
852 4089 998 4165 debitas
1020 4103 1147 4189 grates
