2640 4800
126 407 163 451 ,ο
341 330 973 477 ra1n.sait.aua1t0as11

116 525 219 585 nocuis
234 525 431 586 insumentis
446 543 480 582 ac
497 521 636 605 praesidiis
654 522 790 584 destituto
800 537 946 608 tempore,
967 525 1053 607 hujus
1064 525 1200 590 doctrina

115 630 248 691 studiosis
272 630 502 711 objiciebantur,
518 652 581 710 quan
599 650 715 690 omnem
734 631 816 690 iniis
835 631 980 693 diluendis
1000 633 1150 695 audaciam
1169 647 1200 696 et

115 739 305 799 temeritatem
320 734 502 817 prohibeant.
523 735 560 795 ln
577 737 677 818 primis
698 749 795 798 autem
809 739 978 801 admiranda
995 752 1039 800 est
1056 752 1118 800 tum
1133 762 1199 800 acu·

115 867 185 905 men
197 856 283 925 atque
298 841 427 903 doctrina
437 841 567 918 Seneca,
584 854 646 902 tum
656 843 797 904 modestia
810 845 890 924 ejus,
901 866 991 927 qnam
1006 847 1036 904 in
1047 848 1199 927 permultis

115 949 311 1024 Qmstionum
324 947 444 1030 reliquis
460 949 549 1023 loeis,
566 960 629 1009 turn
641 969 712 1009 vero
728 951 854 1010 maxime
867 952 897 1010 in
911 950 986 1012 libro
997 951 1077 1024 Vll,
1094 954 1144 1033 qui
1156 966 1201 1014 est

116 1055 154 1116 de
167 1056 312 1129 Comeu‘s,
329 1055 381 1116 ubi
397 1056 558 1138 prestantia
575 1055 678 1134 judicii
690 1059 801 1118 nemini
816 1080 875 1118 nou
895 1079 926 1117 se
944 1058 1087 1139 prebebit.
1103 1059 1200 1135 Quare

115 1183 175 1222 uon
190 1162 296 1222 miram
308 1172 370 1235 est,
385 1159 464 1243 quod
478 1173 558 1221 tanto
567 1160 663 1222 studio
673 1184 726 1244 per
736 1163 833 1222 omnia
844 1162 904 1224 lere
915 1164 1017 1226 serula
1025 1177 1130 1224 nostre
1139 1187 1201 1226 arae

114 1266 263 1328 Naturales
273 1266 448 1343 Quaestiones
458 1266 573 1328 Seneca
580 1268 660 1328 lectae
669 1279 758 1349 atque
768 1267 918 1355 descripta
927 1270 1124 1330 inveniuntur.

157 1375 267 1458 inquo
286 1387 383 1436 umen
403 1397 452 1435 eas
468 1375 633 1437 celebrandi
651 1375 753 1436 ardore
767 1375 847 1436 baud
863 1377 984 1460 exiguus
1001 1397 1116 1459 quoque
1135 1373 1200 1437 lons

115 1482 250 1541 vitiorum
269 1480 439 1562 quarendus
457 1495 521 1556 est,
537 1482 642 1562 quibus
656 1493 718 1541 tum
737 1482 830 1543 (Μὰ.
851 1505 919 1542 mss.
943 1495 1005 1544 tum
1024 1481 1102 1542 Edd.
1123 1485 1201 1543 anti-

115 1589 232 1670 quiores
240 1586 436 1663 Quaesaonum
446 1587 512 1648 Nat.
525 1599 635 1646 scatent
647 1610 655 1644 ι
667 1586 903 1668 qtundoquidem
912 1588 1083 1648 emblemata
1094 1588 1201 1649 diversi

115 1697 246 1777 generis,
266 1698 462 1777 διπηραφίαι,
483 1694 673 1775 glossemata,
690 1706 746 1753 etc.
760 1737 769 1768 ‚
785 1696 908 1777 margini
927 1695 1022 1776 primo
1036 1694 1199 1777 adscripta,

115 1802 250 1863 deindea
265 1802 389 1861 librariis
405 1800 497 1860 textui
514 1800 659 1872 immissa,
679 1798 756 1860 ultra
766 1823 854 1883 quam
864 1801 921 1862 dici
931 1814 1026 1884 potest
1035 1801 1101 1862 Nat.
1114 1802 1201 1877 Qun-

115 1911 222 1969 stiones
239 1906 492 1966 commacularunt.
510 1905 571 1965 Nec
589 1906 674 1965 nobis
694 1920 754 1966 tam
773 1907 940 1969 emendatas
959 1932 1037 1970 nune
1057 1908 1202 1970 tractandi

116 2036 165 2075 eas
186 2015 270 2095 copia
289 2025 382 2083 esset,
406 2013 462 2073 nisi
484 2013 539 2071 viri
556 2013 685 2093 priorum
701 2026 866 2094 temportun
876 2017 992 2089 eximii,
1008 2029 1070 2077 tum
1084 2018 1202 2100 ingenio

116 2135 146 2182 et
162 2123 269 2182 virtute
287 2122 400 2194 critica,
420 2133 482 2181 tum
501 2119 651 2195 doctrina,
673 2120 821 2203 diligentia
840 2135 925 2203 atque
944 2123 1109 2205 assiduitate
1131 2145 1202 2205 prae·

117 2335 324 2397 contendendis
335 2347 364 2395 et
371 2335 542 2394 lectionibus
553 2335 746 2414 dijudicandis
760 2336 942 2396 librariorum
953 2337 1131 2417 aliorumque
1141 2358 1201 2396 em·

117 2444 241 2503 blemata
254 2442 433 2525 detegerent,
445 2455 474 2501 et
480 2443 557 2501 vitiis
567 2455 680 2501 textum
692 2463 778 2522 quem
788 2464 924 2502 vocamus
935 2442 1100 2502 liberarent.
1110 2442 1147 2501 ln
1154 2441 1201 2501 bis

118 2552 245 2611 eminent
252 2548 493 2631 postMattboeum
504 2548 706 2620 Fommotum,
717 2548 897 2609 Pannonium
904 2548 934 2630 (a
945 2549 1076 2610 Ioecbero
1083 2570 1201 2631 prorsus

118 2655 287 2741 omissum),
305 2658 354 2738 qui
366 2656 472 2716 Aldum
487 2657 519 2714 in
530 2654 610 2715 bisce
620 2656 799 2716 Naturalium
810 2656 1005 2731 Quaestionum
1016 2658 1097 2716 libris
1112 2657 1201 2716 easti-

119 2764 221 2847 gandis
240 2765 348 2824 Venet.
370 2787 398 2823 a.
424 2762 520 2837 1522,
542 2760 581 2841 4,
607 2765 714 2846 optime
737 2763 868 2843 adjuvit,
886 2763 1003 2824 Fer-din.
1023 2765 1196 2833 fimana,

119 2871 165 2931 Μ.
182 2870 252 2931 Ant.
271 2871 415 2941 Mur-ears,
433 2869 528 2932 Jonas
545 2870 681 2931 Gmtems
701 2882 730 2931 et
747 2868 817 2930 Jot.
836 2870 923 2930 Fred.
945 2852 1119 2930 Gronoorits‘:
1131 2893 1199 2931 nam

119 2975 220 3038 Jasao
236 2977 364 3058 lipsius,
387 2990 467 3038 aetate
489 2991 518 3038 et
537 2978 638 3037 morbo
662 2970 894 3059 ingravescente,
913 2977 979 3036 libri
999 2978 1085 3058 primi
1105 2979 1200 3058 capite

120 3088 213 3168 primo
225 3086 370 3159 absoluto,
387 3087 423 3145 ab
435 3108 523 3167 opera
536 3108 605 3158 sua,
621 3107 707 3165 quam
720 3107 812 3166 usque
825 3085 863 3145 ad
876 3085 953 3144 buno
966 3085 1062 3145 locum
1072 3087 1200 3145 maximo

120 3215 187 3253 cum
197 3193 306 3253 honore
317 3193 421 3252 litteris
432 3192 514 3251 bonis
524 3190 727 3273 promovendis
743 3190 904 3264 dicaverat,
921 3191 1058 3251 absistere
1072 3192 1202 3274 cogeba-

121 3313 177 3360 tur.
191 3298 356 3360 Editionem
366 3311 463 3358 tamen
478 3300 539 3377 ejus
555 3296 718 3357 inchoatam
727 3297 922 3372 Quaestionum
934 3297 1111 3356 continuavit
1121 3308 1150 3357 et
1162 3297 1202 3357 ad

121 3407 229 3466 exitum
244 3405 379 3487 perduxit
393 3402 521 3464 Libertate
542 3401 942 3473 Fromondus‚in1lcademia
956 3404 1115 3462 lovaniensi
1127 3401 1201 3462 Phi-

121 3512 256 3594 losophiae
268 3511 413 3594 prolessor
423 3509 436 3591 (
446 3522 530 3569 mort.
550 3505 626 3569 1653
636 3506 666 3588 l,
677 3510 722 3568 vir
733 3510 856 3568 eximius
866 3552 875 3582 ‚
887 3511 937 3590 qui
950 3510 1128 3588 antiquitatis
1137 3522 1206 3569 stu-

123 3625 202 3683 dium
217 3637 247 3684 et
262 3625 410 3683 scientiam
425 3644 490 3681 cum
510 3620 691 3703 philosophia
706 3633 736 3680 et
749 3620 870 3681 mathesi
886 3623 975 3702 probe
990 3622 1199 3703 conjungebat,

122 3744 207 3813 atque
218 3754 235 3791 a
246 3731 440 3814 peripateticis
451 3731 495 3789 sui
507 3730 645 3809 temporis
655 3728 779 3810 pbysicae
795 3728 958 3788 doctoribus
973 3727 1052 3787 baud
1067 3729 1158 3787 semel
1173 3741 1203 3789 et

121 3838 239 3920 quidem
251 3841 280 3898 in
292 3839 392 3920 primis
401 3837 548 3898 discedere
560 3837 693 3898 audebat.
706 3836 770 3896 Jam
781 3857 849 3896 vero
860 3834 963 3895 borum
973 3837 1101 3895 virorum
1114 3835 1203 3896 laude

48 3922 53 3929 ἢ
122 3968 185 4006 mea
204 3946 346 4025 majorum
360 3946 462 4005 merita
478 3943 515 4004 de
530 3942 644 4003 Senecae
662 3942 845 4002 Naturalibus
862 3942 1071 4016 Quaesfionibus
1087 3944 1202 4025 egregia

122 4065 205 4127 suut,
222 4054 283 4113 sive
297 4053 423 4111 criticam
436 4063 567 4131 partem,
583 4051 643 4108 sive
659 4049 834 4131 exegetiearn
850 4051 1033 4130 spectaveris.
1054 4047 1111 4109 Sed
1124 4049 1203 4109 illam

123 4160 214 4240 magis
229 4159 407 4229 excoluisse,
427 4178 513 4237 quam
534 4156 628 4229 hane,
654 4157 677 4215 si
703 4179 719 4214 a
742 4154 804 4214 Lib.
832 4155 995 4216 Fromondo
1019 4156 1205 4229 discesseris,
1238 4237 1242 4251 ‚
