2640 4800
155 403 198 490 48
447 399 489 468 L.
515 399 694 468 ANNAEI
718 399 932 471 SENECAE

153 533 263 625 Majus
280 553 354 598 esse
371 527 534 621 quiddam
558 531 726 623 suspicata
750 548 820 612 cst,
848 557 888 600 ac
907 533 1106 626 pulchrius,
1134 540 1230 630 quod

152 665 247 717 extra
256 662 473 740 conspectum
488 662 609 714 natura
622 646 801 739 posuisset.
818 648 978 741 Denique
991 650 1122 720 tantum
1136 655 1229 723 inter

114 792 128 824 a
154 765 237 833 duas
255 765 417 848 interest,
438 779 603 854 quantum
618 764 708 831 inter
722 765 833 832 Deum
850 779 884 832 ct
902 764 1090 838 hominem.
1111 768 1229 841 Altera

154 882 272 962 docet,
293 877 378 971 quid
394 880 430 945 in
448 880 548 946 terris
565 877 737 971 agendum
760 881 804 947 sit
822 906 829 945 :
844 879 973 965 altera,
1000 884 1086 976 quid
1106 905 1230 982 agatur

154 999 190 1064 in
206 994 323 1064 caelo¹.
344 992 461 1062 Altera
481 1017 615 1063 errores
634 1010 767 1063 nostros
785 995 942 1080 discutit,
966 1015 1001 1067 et
1023 1000 1146 1082 lumen
1165 1004 1231 1075 ad-

153 1127 281 1194 movet,
301 1134 369 1202 quo
382 1108 620 1177 discernantur
633 1109 794 1203 ambigua
808 1113 886 1180 vitae
905 1141 913 1181 :
928 1114 1036 1184 altera
1049 1118 1155 1188 multo
1168 1145 1229 1190 su·

154 1253 216 1322 pra
232 1223 323 1296 hanc
340 1225 543 1318 caliginem*
564 1227 600 1292 in
618 1250 684 1317 qua
702 1215 894 1297 volutamur
910 1232 1065 1318 excedit,
1086 1252 1158 1304 cte
1175 1256 1230 1306 tc-

153 1342 269 1411 nebris
292 1336 452 1435 ereptos⁵
482 1340 541 1410 illo
566 1341 749 1434 perducit,
776 1343 868 1412 undc
896 1341 1027 1416 lucet⁴.
1058 1350 1227 1442 Equidem

154 1474 236 1527 tunc
252 1439 387 1527 naturae
398 1481 513 1526 rerum
533 1459 659 1551 gratias
671 1450 771 1551 ago⁵,
789 1484 894 1551 quum
911 1461 1002 1531 illam
1021 1449 1090 1533 non
1105 1465 1149 1534 ab
1162 1464 1228 1536 hac

153 1729 233 1793 Acad.
243 1730 270 1794 l,
283 1730 300 1795 4
310 1748 347 1799 sq.
355 1755 389 1768 ·-
401 1725 470 1797 Quoe
481 1726 520 1777 od
529 1727 590 1777 deos
599 1743 663 1792 spc-
711 1723 872 1797 philosophia
886 1728 960 1802 cripit
968 1730 1035 1804 ipsa,
1049 1751 1102 1785 non
1112 1751 1159 1786 nos
1170 1734 1227 1786 sola

151 1819 213 1867 ctat.
223 1808 363 1884 physicam,
372 1808 488 1878 adquam
497 1806 661 1858 etiamlleum
712 1817 798 1857 nostra
808 1827 882 1878 opera
895 1809 1010 1862 tenebras
1022 1811 1147 1883 fugientes
1160 1813 1228 1866 caci-

153 1888 294 1942 rcierebant
308 1887 396 1940 Stoici.
409 1887 449 1940 Cf.
460 1886 538 1960 Lipsii
551 1883 663 1956 Physiol.
713 1884 756 1956 pit
771 1884 899 1939 Caeterum
913 1899 1015 1955 emptus
1028 1900 1052 1940 et
1062 1900 1186 1957 exceptus
1199 1889 1227 1942 in

154 1968 198 2029 ll,
213 1968 236 2017 5.
248 1965 339 2017 Rachle.
713 1961 786 2013 codd·
805 1982 864 2015 mss.
889 1965 1013 2017 conlundi
1029 1976 1136 2020 constat.
1149 1967 1186 2021 R.

191 2063 212 2095 1.
225 2045 484 2112 Altero...ogoturin
495 2046 566 2096 calo.
576 2043 665 2094 Astro-
745 2041 770 2104 4.
783 2039 860 2093 Unde
870 2044 951 2108 lucet,
963 2041 1008 2094 ubi
1019 2043 1070 2096 Dei
1084 2044 1156 2096 sedes
1167 2057 1222 2108 αις

154 2123 267 2176 nomiam
281 2122 342 2174 dicit
350 2120 512 2194 ctpltysicam
522 2119 666 2173 matbema—
714 2117 798 2188 itaque
810 2116 836 2168 in
854 2116 909 2170 caeli
920 2137 1045 2172 summam
1057 2133 1171 2194 partem,
1182 2122 1230 2176 ubi

154 2201 238 2254 ticam.
249 2200 338 2253 Ruth.
348 2226 383 2239 -
393 2199 528 2271 Ingeniose
540 2197 610 2250 illius
619 2217 665 2251 au·
713 2192 757 2245 ille
769 2193 837 2268 ignis
846 2234 853 2259 ,
863 2194 915 2258 sol,
928 2196 973 2266 qui
984 2197 1072 2250 condit
1083 2200 1172 2253 omnia
1182 2220 1225 2255 ra·

153 2280 251 2332 daciam
259 2276 385 2347 simulque
394 2277 526 2348 ingenium
537 2275 664 2346 exprimit,

154 2355 199 2428 qui
213 2356 279 2409 ultra
294 2354 360 2407 ltanc
378 2352 553 2426 adspectabilis
575 2350 665 2403 mundi

152 2432 281 2505 publicana
299 2430 450 2501 obviamque
467 2431 559 2482 faciem
582 2447 665 2500 penc-

151 2524 218 2563 trare
231 2528 305 2563 ausus
317 2520 370 2574 est,
385 2529 398 2554 a
408 2519 432 2559 ct
442 2526 498 2578 quae
512 2518 601 2581 natura
613 2522 665 2555 ne-

152 2600 223 2660 garat
245 2586 349 2640 Visibus
372 2585 509 2649 humanis,
532 2583 611 2637 oculis
634 2603 663 2635 ca

152 2665 258 2738 pectoris
269 2663 360 2717 bausit.
371 2685 385 2710 »
398 2663 441 2715 Sic
452 2664 503 2715 l'ere
514 2661 591 2713 ovid.
600 2661 664 2712 Me-

151 2744 277 2816 tamorpb.
288 2742 332 2794 lib.
345 2742 406 2806 XV,
418 2740 468 2792 lab.
480 2756 512 2792 ιι.
523 2737 662 2810 Magnifice

152 2821 269 2887 Plinius,
286 2819 330 2871 lib.
348 2820 388 2884 ll,
407 2838 462 2888 cap.
474 2837 509 2887 9:
521 2839 536 2864 α
547 2818 604 2869 Viri
623 2817 662 2867 in-

152 2911 239 2967 gentes
249 2916 373 2968 supraque
386 2895 518 2959 mortalia,
531 2907 578 2948 ctc·
590 2917 603 2941 ι·

187 2997 209 3029 a.
220 2978 315 3029 Altera
326 2979 409 3027 multo
421 2995 502 3042 supra
515 2974 581 3026 lianc
590 2977 661 3026 cali-

148 3056 254 3121 ginem,
267 3063 313 3106 etc.
325 3049 539 3104 SicErasm.Ald.
551 3063 575 3101 et
586 3050 660 3122 palat.

152 3143 269 3184 tertona
281 3148 340 3182 curn
352 3131 415 3201 frag.
431 3128 523 3181 Colon.
536 3148 576 3199 ap.
587 3129 661 3180 Gru-

152 3225 252 3275 terum3
267 3209 331 3262 cod.
351 3209 405 3261 Erl.
421 3212 535 3260 muleram
554 3226 577 3260 s.
596 3208 623 3258 Ιι.
639 3228 660 3260 c.

151 3289 290 3341 Pincianus
301 3299 400 3359 propter
412 3286 486 3338 codd.
498 3304 556 3337 mss.
568 3288 595 3336 cb
610 3305 662 3338 su-

149 3386 201 3434 pm
213 3364 310 3418 omittit
322 3403 330 3429 ,
348 3363 510 3433 sequentibus
530 3362 643 3415 Curione
655 3401 663 3426 ,

152 3445 253 3497 Murcto
282 3442 398 3512 aliisque.
423 3440 514 3492 Erricii
546 3441 662 3493 Memmii

152 3520 227 3573 codd.
238 3520 335 3590 aliquot
344 3519 378 3571 ab
386 3519 514 3592 Opsopoeo
524 3520 661 3593 comparati

153 3599 246 3654 dabant
255 3599 335 3651 :laone
343 3616 424 3667 supra
431 3601 508 3663 salig.
516 3609 603 3650 contra
614 3598 661 3650 Se·

153 3695 221 3731 neco
240 3694 347 3728 morem.
368 3676 438 3726 Bene
465 3674 516 3726 dici
540 3677 664 3728 excedere

151 3766 231 3809 ewa
238 3767 328 3808 notum
336 3765 381 3817 αῖς
391 3752 483 3823 quidni
492 3753 598 3824 proinde
605 3773 662 3807 exc.

152 3834 254 3900 supra?
267 3831 358 3885 Riihl.

184 3911 324 3980 &Emptos
334 3909 401 3962 bona
409 3908 578 3978 quorumdam
588 3910 662 3962 codd.

152 4011 211 4044 mss.
228 3989 302 4042 lectio
319 4000 370 4052 cst,
384 3986 476 4039 melior
490 4006 566 4057 quam
577 3999 663 4041 erutos

152 4068 246 4122 codicis
266 4066 367 4120 Erlord.
384 4077 409 4118 ct
422 4066 544 4119 Erasmic.
557 4067 617 4119 edit.
639 4082 662 4119 et

151 4158 272 4215 exceptos
285 4145 421 4218 fragmenti
432 4145 515 4198 colon.
528 4146 583 4197 cod.
595 4149 662 4198 Nam

714 2272 784 2326 tione
796 2285 820 2324 et
830 2285 882 2325 arte
892 2286 1011 2345 vegetans
1020 2287 1095 2345 atque
1104 2294 1208 2329 servans
1220 2295 1228 2330 ι

714 2351 756 2404 eui
766 2363 792 2402 ct
806 2370 901 2403 nornen
921 2364 1016 2406 nature
1028 2353 1131 2407 dabant.
1149 2354 1227 2409 Conl.

714 2430 794 2501 Diog.
805 2430 890 2482 Laert
901 2430 969 2495 Vll,
986 2431 1041 2483 155.
1063 2434 1227 2487 Tr'edemann

714 2505 819 2577 System
834 2510 881 2560 der
896 2507 1006 2562 Stoisch.
1018 2510 1120 2564 Philas.
1134 2512 1181 2579 ll,
1200 2534 1225 2586 p.

714 2585 856 2650 44:1luhl.

746 2664 769 2714 5.
786 2658 990 2732 Tunc...grate'os
1007 2686 1066 2734 apo.
1076 2667 1226 2740 Impugnari

712 2738 790 2809 possit
800 2738 921 2812 particula
931 2739 996 2794 illaa
1007 2743 1136 2814 quopiam,
1146 2745 1226 2798 aliam

711 2828 795 2882 tum,
824 2837 933 2887 quacum
953 2820 1075 2872 facillime
1098 2823 1226 2877 conlundi

712 2907 806 2967 potest,
819 2895 935 2948 substitui
953 2897 976 2948 ei
988 2898 1078 2950 debere
1090 2911 1224 2972 propterea

711 2973 848 3045 opinante,
867 2974 937 3041 quod
953 2982 1015 3028 tunc
1035 2996 1088 3028 non
1107 2977 1231 3051 designet·

711 3061 808 3120 ternpus
820 3049 997 3120 quodcumque
1011 3053 1145 3106 indefinite
1157 3055 1228 3109 rela-

711 3128 802 3194 tivum,
810 3128 854 3180 sed
865 3127 999 3181 definitum
1007 3131 1111 3201 aliquod
1120 3132 1224 3185 absolu·

711 3219 779 3270 tum,
788 3206 939 3278 preteritum
947 3209 1049 3277 quidem
1059 3246 1066 3273 ‚
1079 3223 1104 3262 et
1112 3211 1146 3264 ad
1154 3211 1224 3282 qnod

711 3283 780 3336 aliud
799 3284 865 3337 baud
887 3288 1024 3350 reseratum
1048 3288 1094 3358 qui
1116 3309 1176 3341 usus
1195 3291 1225 3342 in

711 3360 800 3412 vocula
813 3372 871 3414 tunc
882 3383 940 3415 cum
952 3365 1068 3437 genitivo
1080 3380 1226 3422 constructa

711 3440 778 3492 clare
789 3452 813 3492 et
825 3441 898 3494 facilc
910 3443 1115 3517 deprehenditur.
1123 3446 1159 3498 At
1167 3447 1224 3502 loca

711 3532 784 3584 sunt,
810 3518 902 3589 quibus
925 3532 984 3575 tunc
1002 3521 1107 3576 relativo
1129 3543 1223 3590 anau,

712 3609 832 3665 sequente
844 3616 925 3665 quum
936 3599 1080 3661 ‚sicuttum
1093 3601 1204 3653 occurrit
1216 3638 1225 3667 ,

711 3698 794 3746 neque
809 3679 840 3729 de
858 3679 984 3749 praeterito
995 3679 1078 3731 solum
1090 3693 1203 3753 tempore
1215 3722 1223 3744 ,

712 3756 755 3808 sed
768 3757 843 3808 ctiam
856 3755 887 3809 de
897 3757 1014 3827 praesenti
1027 3759 1173 3820 soluturo,
1196 3759 1225 3810 in

712 3833 821 3906 pedestri
841 3853 957 3886 sermone
982 3836 1074 3906 pariter
1095 3847 1174 3904 atque
1197 3837 1224 3889 in

712 3913 1126 3986 poetico‚inhocapud0vidium
1135 3919 1226 3970 Amor.

714 3993 741 4057 l,
764 3995 808 4058 15,
822 3989 865 4057 ²3,
879 4005 932 4044 est:
948 4016 961 4039 u
975 3992 1096 4045 Carmina
1105 3995 1226 4049 sublimis

712 4083 773 4121 tunc
793 4083 852 4121 sunt
874 4071 984 4143 peritura
997 4072 1116 4138 Lucreti,
1139 4072 1225 4125 Exitio

713 4162 788 4199 terras
799 4169 877 4219 ‹puum
893 4149 959 4200 dabit
971 4170 1021 4202 una
1030 4150 1101 4217 dics;
1115 4172 1128 4198 n
1138 4151 1166 4203 in
1179 4151 1227 4203 illo
