2640 4800
419 390 784 483 orsQulsrrro.
1096 420 1134 463 ,ι

58 551 107 600 aut
128 558 182 621 per
206 536 326 598 flumina
342 549 392 596 aut
405 557 458 619 per
473 536 601 618 pluvias,
624 559 661 596 an
677 557 730 619 per
744 537 841 596 omnia
863 535 922 595 bec
937 534 1064 597 futurum
1087 538 1139 613 sit,

58 649 174 727 levique
190 645 317 726 quidem
342 665 430 725 opera
450 655 558 703 naturas
583 643 621 702 ad
643 642 697 703 boc
720 644 889 704 sufficiente.
917 640 1038 725 Imago,
1054 665 1141 724 quam

58 753 209 833 concepit,
232 750 310 810 illius
329 751 463 809 interitus
484 749 544 813 bec
568 747 711 809 scireest:
738 748 870 809 «Totum
894 750 994 808 calum
1016 750 1142 810 nubibus

59 860 114 918 erit
131 858 299 929 obtectum,
319 856 476 937 pluviaque
490 867 631 938 perpetua
644 869 809 937 corrumpet
828 868 905 931 sata,
923 867 1031 916 evertet
1046 868 1139 932 tecta,

59 965 237 1044 collectaque
257 963 288 1021 in
311 973 454 1021 torrentes
479 960 528 1020 iila
543 982 619 1041 aqua
635 961 721 1021 silvas
741 973 921 1043 prosternet,
947 984 1048 1046 greges
1063 964 1142 1024 nbri-

59 1073 138 1152 piet,
155 1069 243 1129 urbes
257 1067 364 1128 diruet.
382 1068 543 1150 Caliginosa
558 1067 620 1128 dics
635 1067 803 1150 spissabitur
817 1071 848 1128 in
864 1081 994 1144 noctem,
1011 1068 1144 1130 fulmini·

58 1178 112 1237 bus
130 1177 300 1237 terribilem.
323 1174 368 1235 Ita
390 1175 475 1255 plana
497 1175 595 1235 omnia
615 1196 689 1255 aqua
704 1187 853 1258 tegentur,
869 1177 1068 1258 montiumque
1087 1200 1141 1238 ca-

60 1284 177 1344 cumina
190 1279 341 1343 habebunt
361 1279 468 1354 modo,
492 1302 551 1361 quo
565 1280 749 1363 confugiant,
770 1282 867 1342 miseri
890 1283 1035 1342 mortales.
1055 1309 1070 1334 ι
1086 1283 1141 1344 His

61 1391 141 1452 addit
158 1390 313 1463 nonnulla,
336 1410 400 1471 qum
415 1387 587 1448 Ouidianum
611 1387 712 1448 diluvii
736 1388 958 1471 descriptionem
979 1391 1144 1472 vituperent

61 1497 188 1569 XXVII.
214 1496 292 1556 Hinc
309 1494 443 1558 XXVIIl
462 1507 492 1555 et
508 1493 613 1555 XXIX
626 1494 664 1555 de
679 1495 801 1554 aliorum
818 1495 1001 1576 opinionibus
1013 1496 1142 1578 loquitur

62 1614 89 1661 et
99 1603 220 1684 quidem
234 1603 399 1662 sireterras
411 1601 514 1661 dHuoio
528 1621 584 1660 non
598 1621 682 1681 posse
699 1600 783 1661 otmt
791 1601 952 1681 putantium
965 1612 1014 1660 aut
1026 1622 1079 1679 per
1079 1601 1144 1682 flu-

62 1711 149 1780 mr'na,
167 1721 219 1770 aut
227 1731 282 1791 per
290 1730 380 1778 mare,
392 1725 446 1790 pro
457 1730 514 1789 quo
524 1708 634 1768 mavult
645 1716 761 1790 unoque
772 1728 840 1767 eum
854 1708 885 1766 in
896 1708 983 1768 linem
996 1710 1145 1768 consocia-

63 1827 121 1874 tum
137 1817 195 1890 iri,
213 1826 243 1874 ct
255 1813 374 1896 quidem
389 1823 461 1874 aaut
474 1836 560 1897 quum
582 1815 713 1874 montino
727 1811 879 1888 XXVIII,
897 1815 957 1873 sive
975 1836 1113 1895 equanam
1131 1837 1147 1874 e

61 1923 211 1983 &eribus
236 1931 319 1980 terrm
335 1923 573 2001 prommpenttitm
594 1933 700 1980 terram
716 1921 864 2003 oppletum
880 1922 917 1980 iri
932 1922 1144 1997 divinantium,

63 2029 139 2101 sire,
155 2041 188 2087 ut
201 2026 317 2097 Bemsi,
335 2027 458 2087 σι’ᾰιιιιιιι
468 2048 578 2087 cuman
588 2049 642 2107 per
658 2048 761 2108 aquom
781 2036 832 2086 out
846 2028 937 2104 ignem
954 2029 1050 2088 omnib
1067 2026 1146 2088 dete·

63 2145 153 2196 arun
170 2156 231 2196 esse
246 2133 463 2211 mtguruntaitm,
482 2134 513 2192 in
528 2135 609 2214 cujus
624 2126 755 2193 interitus
774 2156 827 2214 per
838 2156 941 2217 aquarn
960 2132 1049 2194 futuri
1068 2136 1145 2194 ima-

64 2243 158 2324 ginem
168 2239 346 2324 pingendam
359 2239 456 2300 denuo
468 2253 604 2322 evagatur
613 2238 731 2314 XXIX,
748 2241 797 2301 cui
808 2242 913 2301 sensim
925 2243 1021 2302 ommia
1034 2263 1144 2323 prepo-

63 2358 169 2417 rantur,
183 2347 267 2428 copia
279 2358 309 2406 ct
321 2347 504 2426 vi'aquarum
521 2344 618 2405 futuro
634 2367 693 2405 nou
712 2345 868 2421 diuturno,
882 2356 948 2426 post
964 2370 1044 2430 quem
1052 2345 1140 2427 som

63 2465 95 2514 ut
105 2455 204 2514 omm'a
223 2470 261 2514 cx
280 2450 386 2533 integre
404 2462 574 2534 reparantur
591 2447 689 2513 XXX.

102 2560 191 2621 Libm
205 2573 328 2642 quarto,
342 2572 493 2642 postquam
511 2561 541 2618 in
559 2558 727 2620 Praelatione
744 2562 914 2643 praemonuit
933 2559 1090 2634 Lucilium,
1112 2574 1144 2621 ut

64 2668 303 2748 inprocurationc
312 2665 442 2727 modeste
451 2688 482 2726 se
489 2678 571 2749 gerat
580 2679 609 2726 et
622 2667 831 2749 continenterS
847 2689 857 2728 ι
872 2712 881 2743 ,
894 2689 912 2728 a
924 2712 932 2741 ‚
943 2679 976 2728 ut
986 2668 1144 2728 adulatori-

63 2776 117 2835 bus
140 2776 274 2856 inprimis
292 2773 475 2834 commodum
500 2795 531 2833 se
546 2796 605 2833 non
622 2773 763 2855 praebeat,
792 2777 831 2848 3,
854 2773 891 2854 4,
915 2775 952 2849 5,
974 2798 1061 2858 quam
1081 2799 1143 2837 rem

64 2882 188 2942 illustrat
201 2880 300 2941 Planci
317 2881 450 2961 exemplo
464 2881 615 2960 firmatque
621 2870 844 2940 'auctoritatibus
862 2880 989 2942 Passieni
1005 2882 1143 2943 Demetrii

63 3001 91 3049 ct
107 2989 251 3071 Gallionis
264 2986 304 3060 5,
319 2982 358 3061 6,
377 3009 407 3070 7,
423 2984 460 3060 8,
479 3007 518 3072 9,
534 3007 621 3068 quem
636 2987 768 3068 pluribus
783 2988 881 3048 laudat
896 3009 949 3063 ιο,
967 3011 1018 3060 ιι,
1038 2989 1076 3049 ad
1089 3013 1145 3065 cu-

62 3098 167 3177 jusque
189 3116 221 3154 se
245 3094 411 3174 exemplum
429 3105 464 3153 ut
481 3091 656 3167 conformet,
678 3091 820 3154 Lucilium
842 3092 972 3155 bortatur
999 3117 1053 3171 ra,
1079 3098 1144 3179 pl'us

63 3203 154 3263 nimio
170 3200 231 3261 fere
244 3201 274 3260 in
289 3199 483 3281 precipiendo
503 3200 645 3280 puerilem
659 3222 740 3282 pane
755 3199 923 3261 admodum
940 3205 1024 3285 genio
1044 3204 1145 3266 indul-

63 3331 150 3392 gens,
168 3307 238 3368 dum
252 3308 341 3367 verba
355 3307 437 3388 quasi
450 3307 532 3388 praeit
548 3305 658 3366 Lucilio
675 3307 870 3367 adulatoribus
882 3307 1005 3369 dicenda
1020 3311 1073 3385 13,
1094 3309 1141 3389 id,

69 3417 120 3489 15,
142 3413 197 3488 16,
215 3427 315 3474 contra
334 3435 405 3496 quos
422 3414 448 3473 ei
462 3414 578 3497 Virgilii
604 3427 685 3496 17'et
700 3414 855 3475 Menandri
872 3414 980 3476 dictum
1006 3414 1043 3478 18
1060 3438 1146 3478 com-

64 3522 192 3583 mendat.
211 3521 364 3603 Postquam
379 3515 505 3601 denique
520 3520 692 3580 amicissimo
707 3520 825 3603 quidem
838 3509 936 3582 anime
949 3525 1039 3583 suasit
1049 3525 1094 3598 ci,
1111 3536 1143 3584 ut

63 3642 166 3689 mutus
182 3629 222 3688 sit
247 3629 278 3686 in
300 3627 448 3709 provincia
467 3627 718 3702 administranda,
740 3648 826 3709 quam
851 3631 1008 3711 susceperit
1028 3651 1145 3713 gravem

65 3750 152 3817 atquc
162 3735 369 3817 periculosam,
382 3734 494 3793 accedit
504 3734 540 3794 ad
554 3732 622 3795 Nili
633 3745 765 3796 nentrum
775 3738 958 3798 narrandum.
972 3736 1068 3799 Primo
1081 3739 1145 3799 loco

62 3843 195 3923 proponit
206 3843 402 3924 quoesubnem,
419 3863 472 3901 cur
486 3840 574 3902 Nilus
591 3843 685 3903 astion
701 3852 824 3924 tempore
844 3844 984 3916 admtdct,
1010 3869 1068 3929 quo
1091 3870 1147 3907 no-

65 3951 146 4008 mine
164 3968 232 4009 eum
251 3969 318 4007 cum
335 3947 468 4007 Danubio
493 3943 612 4008 confert.
636 3948 711 4010 Tum
731 3948 768 4009 de
792 3972 826 4011 eo
844 3951 929 4011 latius
946 3952 1004 4034 agit
1024 3974 1146 4013 accura-

65 4059 181 4139 tiusque
194 4080 221 4116 e.
243 4056 272 4116 ll
288 4069 316 4116 et
335 4056 453 4138 quidem
468 4058 522 4129 ita,
541 4069 573 4115 ut
588 4057 665 4116 illius
680 4069 811 4118 naturam
828 4059 859 4119 in
874 4060 967 4141 prima
991 4071 1071 4141 parte
1088 4058 1146 4119 de-

66 4164 173 4225 scribat
197 4160 216 4247 §
242 4186 287 4224 ι-
298 4160 352 4239 15,
376 4164 406 4225 in
434 4164 521 4225 altera
540 4159 561 4244 ξ
583 4160 695 4225 16-30
718 4164 851 4244 explicet.
884 4165 988 4227 Uectem
1009 4168 1144 4226 rotronem
