2640 4800
429 384 736 458 ramrsrlo.
1119 421 1143 487 9

63 547 193 599 accurata
207 524 318 596 trutina
332 535 530 607 examinasse,
545 545 608 594 tom
621 533 739 616 proprio
751 533 828 614 ipsos
839 532 936 594 studio
947 555 1043 596 retum
1058 548 1144 600 natu-

63 667 122 705 ram
135 626 303 704 observasse
318 653 497 725 compertum
511 639 645 700 babebat,
1011 697 1014 700 .

103 750 170 809 Illos
190 749 269 809 enim
291 748 402 828 priores
422 747 549 807 latebant
569 746 664 808 adbuc
683 747 844 808 Aristotelis
863 751 1060 810 commentarii
1075 771 1142 812 cum

63 878 130 916 cura
142 855 180 917 de
194 866 255 914 tou
268 852 323 913 bac
336 852 467 913 docmina
479 854 648 934 compositi,
667 854 763 927 unde,
783 854 862 936 quod
879 855 972 916 obiter
989 875 1141 931 moneam,

63 983 151 1043 mum
168 960 355 1021 haud-sciam
373 981 411 1018 an
422 982 440 1019 a
456 960 573 1020 nemine
588 961 648 1040 jam
663 960 866 1035 observatum,
885 974 935 1022 sut
945 964 1013 1023 satis
1025 965 1143 1044 exposi-

63 1081 121 1128 tnrn
139 1070 195 1142 sit,
213 1067 322 1128 iactum
339 1066 545 1140 esseridetur,
559 1078 690 1147 utquam
703 1087 803 1127 omnes
820 1065 983 1149 philosophi
995 1081 1062 1150 post
1074 1089 1142 1130 enm

63 1185 214 1255 systemta
234 1172 411 1245 condentes,
433 1183 496 1232 tum
516 1193 586 1231 vero
605 1174 732 1232 maxime
751 1170 839 1232 Stoici
860 1185 889 1233 et
910 1171 1048 1254 Epicurei
1067 1173 1141 1234 nihil
1230 1200 1234 1207 -

63 1282 116 1339 nisi
127 1281 291 1363 antiquiora
304 1278 441 1365 dogmata
449 1278 506 1338 sibi
519 1278 697 1339 vindicantes
707 1290 738 1339 et
747 1279 935 1341 emendantes
947 1282 1139 1362 reperiantur,

63 1385 102 1445 rili
115 1385 236 1469 quidem
249 1385 407 1459 Heracliti,
422 1383 454 1444 hi
468 1384 626 1471 Democriti
646 1387 771 1444 maxime
789 1387 917 1469 vestigiis
934 1387 1098 1448 insistentes
1112 1400 1141 1448 et
1214 1453 1216 1457 ,

63 1491 295 1554 adbaereseentes.
311 1493 375 1567 Qua
390 1493 509 1575 quidem
526 1494 557 1553 in
571 1513 604 1552 re
617 1513 676 1551 non
689 1492 765 1552 male
782 1513 830 1552 eos
842 1493 1002 1553 elaborasse
1018 1506 1138 1554 constat.

63 1600 153 1683 Igitur
170 1604 282 1661 mnium
298 1599 395 1675 abest,
411 1612 444 1660 ut
457 1600 566 1682 ingenii
584 1596 751 1660 Grecorum
762 1600 964 1660 marcescentis
978 1599 1140 1661 detrimen-

62 1720 119 1766 tum
132 1709 164 1768 in
180 1728 283 1768 ennam
295 1705 481 1791 philosophiae
495 1705 657 1766 excolende
671 1705 774 1766 studiis
787 1725 992 1789 agrioscamum
1010 1717 1060 1765 aut
1074 1727 1139 1765 cmn

62 1813 256 1875 Tiedemanno
271 1833 457 1887 excusemus,
473 1825 506 1881 ut
522 1813 616 1894 potius
635 1811 673 1872 ab
689 1811 840 1872 Aristotele
854 1811 1056 1871 derelictorum
1070 1810 1140 1871 dili-

61 1911 183 2001 gentiam
204 1933 234 1981 et
251 1922 360 2004 ingenii
380 1922 562 2006 sagacitatem
584 1919 704 1980 laudare
719 1940 837 1980 necesse
859 1918 1026 1979 habeamus.
1043 1917 1139 1994 Quare

61 2025 164 2097 iactmn
189 2047 252 2088 esse
272 2026 402 2099 videtu,
421 2037 454 2089 ut
475 2027 651 2108 antiquiores
667 2038 798 2087 auctores
823 2038 852 2086 et
871 2024 1046 2108 professores
1067 2024 1139 2085 Stoar

62 2131 229 2214 plerumque
249 2131 428 2194 Heraclitum
448 2134 565 2206 secuti,
586 2155 688 2214 parum
715 2134 771 2215 ipsi
799 2134 830 2194 in
851 2131 973 2214 Physica
994 2133 1138 2193 invenisse

62 2238 229 2313 videantur,
250 2261 415 2321 quanquam
434 2241 464 2299 in
483 2240 520 2299 iis
547 2238 701 2321 Chrysippi
726 2261 849 2299 acumen
874 2239 965 2322 magis
985 2238 1139 2298 eminuerit

63 2367 144 2426 qoam
154 2359 339 2420 creterontm,
359 2358 459 2428 utpote
471 2348 552 2426 cujus
563 2347 707 2407 sententia
720 2345 757 2406 de
768 2359 868 2420 motu,
882 2345 919 2407 de
932 2346 1051 2419 atomis,
1064 2357 1134 2418 etc,

63 2473 116 2511 non
132 2453 198 2513 sine
212 2451 321 2512 honore
339 2465 587 2514 commemoratur.
611 2454 650 2512 At
667 2454 810 2513 recentior
828 2452 896 2514 Stoa
912 2453 1017 2512 multos
1036 2452 1137 2512 habuit

63 2570 188 2617 auctores
207 2558 356 2640 egregios,
376 2559 426 2639 qui
450 2557 598 2639 physicam
618 2571 773 2619 treatment
790 2556 873 2618 etde
893 2579 927 2618 ea
945 2560 1053 2640 optime
1073 2579 1137 2618 mc·

63 2678 207 2738 serentur,
226 2665 359 2746 inprimis
374 2664 577 2740 Posidonium,
590 2667 671 2746 cujus
689 2668 906 2726 commentarios
921 2688 996 2747 saepc
1008 2665 1139 2725 adhibuit

63 2791 181 2852 suosque
199 2771 269 2831 lecit
281 2771 400 2832 Seneca.
419 2769 460 2830 Hi
475 2784 504 2833 et
519 2772 585 2845 alii,
600 2771 704 2852 quibus
720 2793 789 2832 usus
806 2785 868 2846 est,
884 2772 1042 2831 Aristotelis
1056 2773 1137 2831 libris

62 2879 103 2937 usi
112 2868 197 2953 sunt,
211 2877 289 2939 baud
302 2876 415 2960 pridem
427 2879 464 2938 ab
474 2877 568 2951 Sulla,
583 2876 703 2937 Athenis
714 2880 894 2961 expugnatis,
908 2878 1029 2938 Romam
1039 2890 1137 2938 mans
1181 2912 1183 2917 ·

62 2984 121 3045 latis
136 2997 166 3047 et
182 2983 261 3045 baud
275 2985 315 3044 ita
328 2984 413 3067 longe
430 2997 495 3065 post
503 2985 694 3065 Tyrannionis
713 2986 833 3046 emiseni
850 2984 996 3067 diligentia
1006 2998 1034 3045 et
1043 2984 1137 3046 studio

62 3066 166 3168 ,niza
177 3091 250 3170 jura
262 3089 352 3150 saeos.

98 3195 163 3256 Jam
186 3218 256 3257 vero
280 3197 331 3257 bos
349 3210 378 3258 et
394 3199 464 3259 alios
477 3201 610 3260 derebus
627 3201 753 3282 physicis
777 3214 924 3274 auctores,
947 3222 1019 3282 quos
1036 3222 1135 3260 omnes

61 3304 118 3363 lere
132 3325 237 3387 gamem
255 3303 343 3364 luisse
360 3319 485 3379 constat,
504 3306 543 3367 ita
557 3307 588 3368 in
602 3328 665 3366 rem
679 3329 760 3366 suam
773 3308 932 3380 convertit,
948 3319 981 3367 ut
995 3308 1137 3388 opinioni-

60 3409 110 3469 bus
124 3423 211 3492 atqm
226 3413 355 3494 cogitatis
369 3434 469 3473 eorum
487 3415 623 3494 expositis
639 3413 780 3494 judicium
798 3435 881 3473 sunm
899 3413 1065 3486 admoveat,
1081 3414 1136 3473 ob-

59 3516 264 3577 servationibus
272 3517 396 3598 propriis
404 3519 551 3592 admixtis,
563 3520 642 3583 etvel
653 3518 759 3580 refutet
765 3520 812 3579 vel
820 3522 951 3594 affirmet,
963 3521 1136 3582 automnino

59 3633 106 3680 aut
121 3643 157 3681 ex
168 3634 261 3703 parte.
278 3623 373 3703 Atque
389 3624 442 3683 boc
454 3645 489 3684 ea
499 3623 677 3705 experientia
687 3637 774 3706 atque
784 3624 925 3689 modestia
936 3625 1031 3686 iacere
1042 3627 1133 3700 solet,

58 3739 87 3785 ut
107 3749 165 3786 non
183 3726 364 3790 solummodo
379 3730 483 3789 eruditi
496 3731 551 3790 viri
562 3752 716 3811 porsonam
729 3731 851 3792 induere
863 3731 1005 3806 videntem,
1021 3732 1071 3793 sed
1087 3754 1135 3792 re-

59 3854 122 3892 vera
137 3834 254 3894 doctum
263 3847 292 3894 et
301 3832 458 3897 humanum
467 3858 498 3896 se
512 3837 636 3917 probeat
651 3838 989 3921 commendetque.Quod
997 3839 1133 3921 quidem,

59 3942 123 4001 siin
139 3943 198 4002 ullo
210 3943 485 4024 philosophialoco,
497 3943 527 4004 in
537 3945 590 4005 hoc
607 3960 694 4020 certe,
713 3949 763 4028 qui
784 3961 827 4008 est
845 3949 881 4007 de
898 3971 994 4008 rerum
1013 3961 1133 4019 notura,

58 4070 264 4130 «quemcumque
278 4049 345 4109 huic
359 4052 534 4132 inquisitioni
552 4051 681 4114 deditum
693 4075 727 4113 eo
740 4055 830 4136 magis
842 4056 993 4115 observare
1007 4067 1034 4113 ct
1048 4076 1137 4113 exer-

57 4175 120 4240 qcre
129 4155 260 4230 decebat,
272 4180 330 4238 quo
338 4160 511 4238 spinosiores
519 4171 546 4218 ct
555 4160 721 4222 incertiores
728 4163 907 4241 quaestiones,
921 4162 1074 4243 presertim
1084 4162 1136 4219 isto
