<?xml version="1.0" encoding="UTF-8"?>
<!DOCTYPE html PUBLIC "-//W3C//DTD XHTML 1.0 Transitional//EN"
    "http://www.w3.org/TR/xhtml1/DTD/xhtml1-transitional.dtd">
<html xmlns="http://www.w3.org/1999/xhtml" xml:lang="en" lang="en">
 <head>
  <title>
</title>
<meta http-equiv="Content-Type" content="text/html;charset=utf-8" />
  <meta name='ocr-system' content='tesseract 3.04.00' />
  <meta name='ocr-capabilities' content='ocr_page ocr_carea ocr_par ocr_line ocrx_word'/>
</head>
<body>
  <div class='ocr_page' id='page_1' title='image "bibliothecaclas24lemagoog_0032.png"; bbox 0 0 2640 4800; ppageno 0'>
   <div class='ocr_carea' id='block_1_1' title="bbox 73 390 1153 429">
    <p class='ocr_par' dir='ltr' id='par_1_1' title="bbox 73 390 1153 429">
     <span class='ocr_line' id='line_1_1' title="bbox 73 390 1153 429; baseline 0 0"><span class='ocrx_word' id='word_1_1' title='bbox 73 390 1153 429; x_wconf 54' lang='grc' dir='ltr'><em>Μ</em></span> 
     </span>
    </p>
   </div>
   <div class='ocr_carea' id='block_1_2' title="bbox 420 559 809 687">
    <p class='ocr_par' dir='ltr' id='par_1_2' title="bbox 420 559 809 687">
     <span class='ocr_line' id='line_1_2' title="bbox 420 559 809 687; baseline 0.008 -3"><span class='ocrx_word' id='word_1_2' title='bbox 420 609 467 684; x_wconf 81' lang='lat' dir='ltr'><strong>o.</strong></span> <span class='ocrx_word' id='word_1_3' title='bbox 495 611 541 684; x_wconf 90' lang='lat' dir='ltr'><strong>n</strong></span> <span class='ocrx_word' id='word_1_4' title='bbox 570 559 809 687; x_wconf 74' lang='lat' dir='ltr'><strong>nonnum</strong></span> 
     </span>
    </p>
   </div>
   <div class='ocr_carea' id='block_1_3' title="bbox 272 890 946 1071">
    <p class='ocr_par' dir='ltr' id='par_1_3' title="bbox 272 890 946 1071">
     <span class='ocr_line' id='line_1_3' title="bbox 272 890 946 1071; baseline 0.009 -33"><span class='ocrx_word' id='word_1_5' title='bbox 272 890 946 1071; x_wconf 87' lang='lat' dir='ltr'><strong>DISQUISITIO</strong></span> 
     </span>
    </p>
   </div>
   <div class='ocr_carea' id='block_1_4' title="bbox 354 1408 868 1513">
    <p class='ocr_par' dir='ltr' id='par_1_4' title="bbox 354 1408 868 1513">
     <span class='ocr_line' id='line_1_4' title="bbox 354 1408 868 1513; baseline 0.002 -1"><span class='ocrx_word' id='word_1_6' title='bbox 354 1411 403 1512; x_wconf 80' lang='lat' dir='ltr'><strong>L.</strong></span> <span class='ocrx_word' id='word_1_7' title='bbox 426 1411 618 1513; x_wconf 77' lang='lat' dir='ltr'><strong>ANNAEI</strong></span> <span class='ocrx_word' id='word_1_8' title='bbox 638 1408 868 1513; x_wconf 74' lang='lat' dir='ltr'>SENECAE</span> 
     </span>
    </p>
   </div>
   <div class='ocr_carea' id='block_1_5' title="bbox 81 1650 1271 1844">
    <p class='ocr_par' dir='ltr' id='par_1_5' title="bbox 81 1650 1271 1844">
     <span class='ocr_line' id='line_1_5' title="bbox 81 1650 1271 1844; baseline 0.007 -22"><span class='ocrx_word' id='word_1_9' title='bbox 81 1650 1147 1844; x_wconf 73' lang='lat' dir='ltr'><strong>Nirontnonsoonsrronrnns</strong></span> <span class='ocrx_word' id='word_1_10' title='bbox 1266 1817 1271 1830; x_wconf 86' lang='lat'>.</span> 
     </span>
    </p>
   </div>
   <div class='ocr_carea' id='block_1_6' title="bbox 559 2030 687 2066">
    <p class='ocr_par' dir='ltr' id='par_1_6' title="bbox 559 2030 687 2066">
     <span class='ocr_line' id='line_1_6' title="bbox 559 2030 687 2066; baseline -0.008 -25"><span class='ocrx_word' id='word_1_11' title='bbox 559 2030 687 2066; x_wconf 82' lang='grc'><strong>..</strong></span> 
     </span>
    </p>
   </div>
   <div class='ocr_carea' id='block_1_7' title="bbox 67 2425 1243 4234">
    <p class='ocr_par' dir='ltr' id='par_1_7' title="bbox 67 2425 1243 4234">
     <span class='ocr_line' id='line_1_7' title="bbox 78 2425 1152 2525; baseline 0.001 -24"><span class='ocrx_word' id='word_1_12' title='bbox 78 2425 223 2524; x_wconf 79' lang='lat' dir='ltr'><strong>Siquis,</strong></span> <span class='ocrx_word' id='word_1_13' title='bbox 245 2443 292 2502; x_wconf 84' lang='lat' dir='ltr'><strong>cui</strong></span> <span class='ocrx_word' id='word_1_14' title='bbox 313 2443 491 2525; x_wconf 87' lang='lat' dir='ltr'><strong>propositum</strong></span> <span class='ocrx_word' id='word_1_15' title='bbox 511 2447 555 2502; x_wconf 83' lang='lat' dir='ltr'><strong>est</strong></span> <span class='ocrx_word' id='word_1_16' title='bbox 574 2447 721 2503; x_wconf 74' lang='lat' dir='ltr'><strong>auctorem</strong></span> <span class='ocrx_word' id='word_1_17' title='bbox 744 2442 890 2522; x_wconf 82' lang='lat' dir='ltr'><strong>explicare</strong></span> <span class='ocrx_word' id='word_1_18' title='bbox 911 2450 1062 2516; x_wconf 74' lang='lat' dir='ltr'><strong>veterem,</strong></span> <span class='ocrx_word' id='word_1_19' title='bbox 1093 2447 1152 2502; x_wconf 78' lang='lat' dir='ltr'><strong>non</strong></span> 
     </span>
     <span class='ocr_line' id='line_1_8' title="bbox 77 2547 1149 2631; baseline 0.002 -25"><span class='ocrx_word' id='word_1_20' title='bbox 77 2547 193 2623; x_wconf 83' lang='lat' dir='ltr'><strong>eadem,-</strong></span> <span class='ocrx_word' id='word_1_21' title='bbox 208 2549 296 2608; x_wconf 90' lang='lat' dir='ltr'><strong>immo</strong></span> <span class='ocrx_word' id='word_1_22' title='bbox 307 2571 366 2608; x_wconf 92' lang='lat' dir='ltr'><strong>non</strong></span> <span class='ocrx_word' id='word_1_23' title='bbox 378 2550 486 2628; x_wconf 82' lang='lat' dir='ltr'><strong>majore</strong></span> <span class='ocrx_word' id='word_1_24' title='bbox 499 2549 647 2630; x_wconf 82' lang='lat' dir='ltr'><strong>diligentia</strong></span> <span class='ocrx_word' id='word_1_25' title='bbox 659 2593 668 2626; x_wconf 86' lang='lat'>‚</span> <span class='ocrx_word' id='word_1_26' title='bbox 684 2571 771 2631; x_wconf 89' lang='lat' dir='ltr'><strong>quam</strong></span> <span class='ocrx_word' id='word_1_27' title='bbox 782 2571 839 2630; x_wconf 85' lang='lat' dir='ltr'><strong>qua</strong></span> <span class='ocrx_word' id='word_1_28' title='bbox 850 2551 963 2631; x_wconf 81' lang='lat' dir='ltr'><strong>singula</strong></span> <span class='ocrx_word' id='word_1_29' title='bbox 974 2552 1149 2630; x_wconf 84' lang='lat' dir='ltr'><strong>interpreta-</strong></span> 
     </span>
     <span class='ocr_line' id='line_1_9' title="bbox 75 2653 1151 2738; baseline 0.001 -25"><span class='ocrx_word' id='word_1_30' title='bbox 75 2666 129 2728; x_wconf 80' lang='lat' dir='ltr'><strong>tur,</strong></span> <span class='ocrx_word' id='word_1_31' title='bbox 143 2655 180 2715; x_wconf 85' lang='lat' dir='ltr'><strong>de</strong></span> <span class='ocrx_word' id='word_1_32' title='bbox 194 2656 329 2715; x_wconf 83' lang='lat' dir='ltr'><strong>universo</strong></span> <span class='ocrx_word' id='word_1_33' title='bbox 345 2653 460 2735; x_wconf 85' lang='lat' dir='ltr'><strong>dispicit</strong></span> <span class='ocrx_word' id='word_1_34' title='bbox 476 2656 538 2734; x_wconf 85' lang='lat' dir='ltr'><strong>ejus</strong></span> <span class='ocrx_word' id='word_1_35' title='bbox 552 2675 660 2738; x_wconf 90' lang='lat' dir='ltr'><strong>opere,</strong></span> <span class='ocrx_word' id='word_1_36' title='bbox 678 2668 727 2714; x_wconf 87' lang='lat' dir='ltr'><strong>aut</strong></span> <span class='ocrx_word' id='word_1_37' title='bbox 741 2655 816 2714; x_wconf 88' lang='lat' dir='ltr'><strong>hane</strong></span> <span class='ocrx_word' id='word_1_38' title='bbox 837 2655 883 2714; x_wconf 89' lang='lat' dir='ltr'><strong>sui</strong></span> <span class='ocrx_word' id='word_1_39' title='bbox 897 2657 1024 2714; x_wconf 88' lang='lat' dir='ltr'><strong>muneris</strong></span> <span class='ocrx_word' id='word_1_40' title='bbox 1039 2668 1151 2737; x_wconf 81' lang='lat' dir='ltr'><strong>partem</strong></span> 
     </span>
     <span class='ocr_line' id='line_1_10' title="bbox 74 2761 1152 2844; baseline 0.001 -25"><span class='ocrx_word' id='word_1_41' title='bbox 74 2763 265 2844; x_wconf 51' lang='lat' dir='ltr'><strong>snper’ffem,</strong></span> <span class='ocrx_word' id='word_1_42' title='bbox 281 2783 368 2843; x_wconf 88' lang='lat' dir='ltr'><strong>quam</strong></span> <span class='ocrx_word' id='word_1_43' title='bbox 382 2763 446 2843; x_wconf 86' lang='lat' dir='ltr'><strong>quis</strong></span> <span class='ocrx_word' id='word_1_44' title='bbox 460 2783 562 2821; x_wconf 85' lang='lat' dir='ltr'><strong>vocare</strong></span> <span class='ocrx_word' id='word_1_45' title='bbox 577 2763 667 2842; x_wconf 83' lang='lat' dir='ltr'><strong>possit</strong></span> <span class='ocrx_word' id='word_1_46' title='bbox 678 2761 921 2821; x_wconf 81' lang='lat' dir='ltr'><strong>hermeneuticam</strong></span> <span class='ocrx_word' id='word_1_47' title='bbox 933 2805 942 2835; x_wconf 87' lang='lat'>,</span> <span class='ocrx_word' id='word_1_48' title='bbox 955 2763 1041 2842; x_wconf 82' lang='lat' dir='ltr'><strong>plane</strong></span> <span class='ocrx_word' id='word_1_49' title='bbox 1053 2763 1152 2844; x_wconf 79' lang='lat' dir='ltr'><strong>negli-</strong></span> 
     </span>
     <span class='ocr_line' id='line_1_11' title="bbox 73 2867 1152 2950; baseline 0.001 -24"><span class='ocrx_word' id='word_1_50' title='bbox 73 2870 132 2949; x_wconf 78' lang='lat' dir='ltr'><strong>git,</strong></span> <span class='ocrx_word' id='word_1_51' title='bbox 153 2868 183 2928; x_wconf 93' lang='lat' dir='ltr'><strong>id</strong></span> <span class='ocrx_word' id='word_1_52' title='bbox 198 2868 276 2950; x_wconf 91' lang='lat' dir='ltr'><strong>quod</strong></span> <span class='ocrx_word' id='word_1_53' title='bbox 291 2870 374 2928; x_wconf 87' lang='lat' dir='ltr'><strong>toties</strong></span> <span class='ocrx_word' id='word_1_54' title='bbox 389 2869 438 2941; x_wconf 88' lang='lat' dir='ltr'><strong>fit,</strong></span> <span class='ocrx_word' id='word_1_55' title='bbox 460 2870 484 2927; x_wconf 88' lang='lat' dir='ltr'><strong>is</strong></span> <span class='ocrx_word' id='word_1_56' title='bbox 501 2870 601 2927; x_wconf 88' lang='lat' dir='ltr'><strong>similis</strong></span> <span class='ocrx_word' id='word_1_57' title='bbox 615 2881 658 2928; x_wconf 88' lang='lat' dir='ltr'><strong>est</strong></span> <span class='ocrx_word' id='word_1_58' title='bbox 671 2867 803 2942; x_wconf 88' lang='lat' dir='ltr'><strong>homini,</strong></span> <span class='ocrx_word' id='word_1_59' title='bbox 822 2868 958 2928; x_wconf 88' lang='lat' dir='ltr'><strong>interiora</strong></span> <span class='ocrx_word' id='word_1_60' title='bbox 973 2869 1074 2929; x_wconf 90' lang='lat' dir='ltr'><strong>domus</strong></span> <span class='ocrx_word' id='word_1_61' title='bbox 1092 2870 1152 2928; x_wconf 86' lang='lat' dir='ltr'><strong>ali-</strong></span> 
     </span>
     <span class='ocr_line' id='line_1_12' title="bbox 73 2967 1243 3067; baseline 0.001 -34"><span class='ocrx_word' id='word_1_62' title='bbox 73 2976 152 3053; x_wconf 84' lang='lat' dir='ltr'><strong>cujus</strong></span> <span class='ocrx_word' id='word_1_63' title='bbox 165 2976 277 3067; x_wconf 63' lang='lat' dir='ltr'><strong>copiose</strong></span> <span class='ocrx_word' id='word_1_64' title='bbox 290 2975 494 3054; x_wconf 81' lang='lat' dir='ltr'><strong>perlustranti,</strong></span> <span class='ocrx_word' id='word_1_65' title='bbox 511 2995 606 3055; x_wconf 82' lang='lat' dir='ltr'><strong>neque</strong></span> <span class='ocrx_word' id='word_1_66' title='bbox 616 2967 713 3034; x_wconf 74' lang='lat' dir='ltr'><strong>tamen</strong></span> <span class='ocrx_word' id='word_1_67' title='bbox 728 2974 828 3034; x_wconf 82' lang='lat' dir='ltr'><strong>scienti</strong></span> <span class='ocrx_word' id='word_1_68' title='bbox 842 3017 850 3048; x_wconf 91' lang='lat'>,</span> <span class='ocrx_word' id='word_1_69' title='bbox 866 2995 953 3055; x_wconf 83' lang='lat' dir='ltr'><strong>quam</strong></span> <span class='ocrx_word' id='word_1_70' title='bbox 965 2973 1085 3034; x_wconf 84' lang='lat' dir='ltr'><strong>formam</strong></span> <span class='ocrx_word' id='word_1_71' title='bbox 1098 2977 1152 3034; x_wconf 79' lang='lat' dir='ltr'><strong>istu</strong></span> <span class='ocrx_word' id='word_1_72' title='bbox 1240 2996 1243 3001; x_wconf 90' lang='lat'>·</span> 
     </span>
     <span class='ocr_line' id='line_1_13' title="bbox 72 3081 1153 3166; baseline 0.002 -28"><span class='ocrx_word' id='word_1_73' title='bbox 72 3081 194 3154; x_wconf 83' lang='lat' dir='ltr'><strong>domus,</strong></span> <span class='ocrx_word' id='word_1_74' title='bbox 208 3081 385 3141; x_wconf 85' lang='lat' dir='ltr'><strong>extrinsecus</strong></span> <span class='ocrx_word' id='word_1_75' title='bbox 400 3102 461 3140; x_wconf 86' lang='lat' dir='ltr'><strong>ase</strong></span> <span class='ocrx_word' id='word_1_76' title='bbox 476 3103 534 3140; x_wconf 92' lang='lat' dir='ltr'><strong>non</strong></span> <span class='ocrx_word' id='word_1_77' title='bbox 550 3093 719 3162; x_wconf 84' lang='lat' dir='ltr'><strong>conspecta,</strong></span> <span class='ocrx_word' id='word_1_78' title='bbox 736 3102 881 3166; x_wconf 75' lang='lat' dir='ltr'><strong>quamque</strong></span> <span class='ocrx_word' id='word_1_79' title='bbox 896 3082 1021 3162; x_wconf 85' lang='lat' dir='ltr'><strong>partium</strong></span> <span class='ocrx_word' id='word_1_80' title='bbox 1035 3083 1111 3141; x_wconf 89' lang='lat' dir='ltr'><strong>inter</strong></span> <span class='ocrx_word' id='word_1_81' title='bbox 1121 3102 1153 3140; x_wconf 86' lang='lat' dir='ltr'><strong>se</strong></span> 
     </span>
     <span class='ocr_line' id='line_1_14' title="bbox 72 3187 1151 3270; baseline 0.001 -24"><span class='ocrx_word' id='word_1_82' title='bbox 72 3189 240 3248; x_wconf 83' lang='lat' dir='ltr'><strong>relationem</strong></span> <span class='ocrx_word' id='word_1_83' title='bbox 263 3187 376 3246; x_wconf 73' lang='lat' dir='ltr'><strong>haheat.</strong></span> <span class='ocrx_word' id='word_1_84' title='bbox 399 3187 498 3247; x_wconf 85' lang='lat' dir='ltr'><strong>Talem</strong></span> <span class='ocrx_word' id='word_1_85' title='bbox 520 3200 649 3248; x_wconf 87' lang='lat' dir='ltr'><strong>veterum</strong></span> <span class='ocrx_word' id='word_1_86' title='bbox 671 3190 857 3269; x_wconf 84' lang='lat' dir='ltr'><strong>interpretem</strong></span> <span class='ocrx_word' id='word_1_87' title='bbox 877 3209 969 3268; x_wconf 88' lang='lat' dir='ltr'><strong>penus</strong></span> <span class='ocrx_word' id='word_1_88' title='bbox 992 3189 1151 3270; x_wconf 86' lang='lat' dir='ltr'><strong>antiquaria</strong></span> 
     </span>
     <span class='ocr_line' id='line_1_15' title="bbox 72 3296 1151 3383; baseline 0.004 -30"><span class='ocrx_word' id='word_1_89' title='bbox 72 3317 128 3355; x_wconf 91' lang='lat' dir='ltr'><strong>non</strong></span> <span class='ocrx_word' id='word_1_90' title='bbox 149 3296 240 3383; x_wconf 77' lang='lat' dir='ltr'><strong>probe</strong></span> <span class='ocrx_word' id='word_1_91' title='bbox 261 3296 327 3368; x_wconf 79' lang='lat' dir='ltr'><strong>nlit3</strong></span> <span class='ocrx_word' id='word_1_92' title='bbox 350 3318 409 3354; x_wconf 88' lang='lat' dir='ltr'><strong>non</strong></span> <span class='ocrx_word' id='word_1_93' title='bbox 430 3296 580 3383; x_wconf 75' lang='lat' dir='ltr'><strong>instinctus</strong></span> <span class='ocrx_word' id='word_1_94' title='bbox 604 3309 647 3356; x_wconf 87' lang='lat' dir='ltr'><strong>est</strong></span> <span class='ocrx_word' id='word_1_95' title='bbox 668 3297 771 3378; x_wconf 87' lang='lat' dir='ltr'><strong>spiritu</strong></span> <span class='ocrx_word' id='word_1_96' title='bbox 794 3296 971 3377; x_wconf 77' lang='lat' dir='ltr'><strong>antiquitatis</strong></span> <span class='ocrx_word' id='word_1_97' title='bbox 993 3299 1049 3357; x_wconf 79' lang='lat' dir='ltr'><strong>tin</strong></span> <span class='ocrx_word' id='word_1_98' title='bbox 1068 3299 1151 3357; x_wconf 87' lang='lat' dir='ltr'><strong>venis</strong></span> 
     </span>
     <span class='ocr_line' id='line_1_16' title="bbox 70 3394 1149 3486; baseline 0.005 -25"><span class='ocrx_word' id='word_1_99' title='bbox 70 3416 148 3464; x_wconf 84' lang='lat' dir='ltr'><strong>certe</strong></span> <span class='ocrx_word' id='word_1_100' title='bbox 171 3394 235 3484; x_wconf 87' lang='lat' dir='ltr'><strong>ejus</strong></span> <span class='ocrx_word' id='word_1_101' title='bbox 254 3416 340 3485; x_wconf 82' lang='lat' dir='ltr'><strong>atque</strong></span> <span class='ocrx_word' id='word_1_102' title='bbox 359 3403 493 3482; x_wconf 86' lang='lat' dir='ltr'><strong>medullis</strong></span> <span class='ocrx_word' id='word_1_103' title='bbox 513 3405 590 3464; x_wconf 89' lang='lat' dir='ltr'><strong>illius</strong></span> <span class='ocrx_word' id='word_1_104' title='bbox 610 3404 711 3486; x_wconf 86' lang='lat' dir='ltr'><strong>genius</strong></span> <span class='ocrx_word' id='word_1_105' title='bbox 727 3406 841 3486; x_wconf 84' lang='lat' dir='ltr'><strong>penitus</strong></span> <span class='ocrx_word' id='word_1_106' title='bbox 862 3427 920 3465; x_wconf 91' lang='lat' dir='ltr'><strong>non</strong></span> <span class='ocrx_word' id='word_1_107' title='bbox 938 3406 1054 3467; x_wconf 87' lang='lat' dir='ltr'><strong>insidet.</strong></span> <span class='ocrx_word' id='word_1_108' title='bbox 1072 3406 1149 3480; x_wconf 89' lang='lat' dir='ltr'><strong>Quid</strong></span> 
     </span>
     <span class='ocr_line' id='line_1_17' title="bbox 70 3509 1149 3593; baseline 0.002 -24"><span class='ocrx_word' id='word_1_109' title='bbox 70 3511 195 3584; x_wconf 87' lang='lat' dir='ltr'><strong>mirum,</strong></span> <span class='ocrx_word' id='word_1_110' title='bbox 212 3511 290 3593; x_wconf 88' lang='lat' dir='ltr'><strong>quod</strong></span> <span class='ocrx_word' id='word_1_111' title='bbox 305 3512 367 3590; x_wconf 87' lang='lat' dir='ltr'><strong>ejus</strong></span> <span class='ocrx_word' id='word_1_112' title='bbox 382 3511 453 3572; x_wconf 89' lang='lat' dir='ltr'><strong>ratio</strong></span> <span class='ocrx_word' id='word_1_113' title='bbox 466 3511 568 3591; x_wconf 83' lang='lat' dir='ltr'><strong>visque</strong></span> <span class='ocrx_word' id='word_1_114' title='bbox 582 3509 818 3584; x_wconf 86' lang='lat' dir='ltr'><strong>hermeneutica,</strong></span> <span class='ocrx_word' id='word_1_115' title='bbox 840 3532 904 3592; x_wconf 78' lang='lat' dir='ltr'><strong>qum</strong></span> <span class='ocrx_word' id='word_1_116' title='bbox 919 3512 950 3570; x_wconf 90' lang='lat' dir='ltr'><strong>in</strong></span> <span class='ocrx_word' id='word_1_117' title='bbox 967 3510 1149 3572; x_wconf 82' lang='lat' dir='ltr'><strong>inferioribus</strong></span> 
     </span>
     <span class='ocr_line' id='line_1_18' title="bbox 70 3617 1152 3701; baseline 0 -23"><span class='ocrx_word' id='word_1_118' title='bbox 70 3619 339 3701; x_wconf 78' lang='lat' dir='ltr'><strong>angtntioribusque</strong></span> <span class='ocrx_word' id='word_1_119' title='bbox 352 3617 455 3678; x_wconf 86' lang='lat' dir='ltr'><strong>iisdem</strong></span> <span class='ocrx_word' id='word_1_120' title='bbox 470 3618 635 3700; x_wconf 83' lang='lat' dir='ltr'><strong>regionibus</strong></span> <span class='ocrx_word' id='word_1_121' title='bbox 649 3629 810 3691; x_wconf 85' lang='lat' dir='ltr'><strong>versantur,</strong></span> <span class='ocrx_word' id='word_1_122' title='bbox 828 3639 944 3698; x_wconf 84' lang='lat' dir='ltr'><strong>unaque</strong></span> <span class='ocrx_word' id='word_1_123' title='bbox 961 3639 1025 3677; x_wconf 88' lang='lat' dir='ltr'><strong>cum</strong></span> <span class='ocrx_word' id='word_1_124' title='bbox 1041 3639 1076 3677; x_wconf 86' lang='lat' dir='ltr'><strong>ea</strong></span> <span class='ocrx_word' id='word_1_125' title='bbox 1090 3619 1152 3678; x_wconf 81' lang='lat' dir='ltr'><strong>cri·-</strong></span> 
     </span>
     <span class='ocr_line' id='line_1_19' title="bbox 71 3718 1149 3806; baseline -0.001 -22"><span class='ocrx_word' id='word_1_126' title='bbox 71 3726 159 3785; x_wconf 83' lang='lat' dir='ltr'><strong>tieum</strong></span> <span class='ocrx_word' id='word_1_127' title='bbox 172 3718 334 3806; x_wconf 79' lang='lat' dir='ltr'><strong>judicium,</strong></span> <span class='ocrx_word' id='word_1_128' title='bbox 357 3747 447 3806; x_wconf 88' lang='lat' dir='ltr'><strong>quum</strong></span> <span class='ocrx_word' id='word_1_129' title='bbox 464 3725 550 3785; x_wconf 85' lang='lat' dir='ltr'><strong>totius</strong></span> <span class='ocrx_word' id='word_1_130' title='bbox 565 3736 731 3784; x_wconf 78' lang='lat' dir='ltr'><strong>contextum</strong></span> <span class='ocrx_word' id='word_1_131' title='bbox 744 3746 803 3783; x_wconf 92' lang='lat' dir='ltr'><strong>non</strong></span> <span class='ocrx_word' id='word_1_132' title='bbox 820 3724 974 3805; x_wconf 78' lang='lat' dir='ltr'><strong>pervidens</strong></span> <span class='ocrx_word' id='word_1_133' title='bbox 988 3724 1105 3784; x_wconf 85' lang='lat' dir='ltr'><strong>lacunas</strong></span> <span class='ocrx_word' id='word_1_134' title='bbox 1121 3737 1149 3784; x_wconf 91' lang='lat' dir='ltr'><strong>et</strong></span> 
     </span>
     <span class='ocr_line' id='line_1_20' title="bbox 69 3831 1149 3913; baseline 0.001 -22"><span class='ocrx_word' id='word_1_135' title='bbox 69 3854 171 3893; x_wconf 83' lang='lat' dir='ltr'><strong>manca</strong></span> <span class='ocrx_word' id='word_1_136' title='bbox 190 3833 406 3913; x_wconf 80' lang='lat' dir='ltr'><strong>praetervideat,</strong></span> <span class='ocrx_word' id='word_1_137' title='bbox 428 3833 599 3892; x_wconf 82' lang='lat' dir='ltr'><strong>emblemata</strong></span> <span class='ocrx_word' id='word_1_138' title='bbox 618 3844 647 3891; x_wconf 90' lang='lat' dir='ltr'><strong>et</strong></span> <span class='ocrx_word' id='word_1_139' title='bbox 665 3832 757 3890; x_wconf 84' lang='lat' dir='ltr'><strong>aliena</strong></span> <span class='ocrx_word' id='word_1_140' title='bbox 781 3851 838 3891; x_wconf 91' lang='lat' dir='ltr'><strong>non</strong></span> <span class='ocrx_word' id='word_1_141' title='bbox 854 3831 1073 3913; x_wconf 82' lang='lat' dir='ltr'><strong>deprehendat,</strong></span> <span class='ocrx_word' id='word_1_142' title='bbox 1089 3855 1149 3892; x_wconf 90' lang='lat' dir='ltr'><strong>non</strong></span> 
     </span>
     <span class='ocr_line' id='line_1_21' title="bbox 68 3937 1149 4021; baseline 0.002 -25"><span class='ocrx_word' id='word_1_143' title='bbox 68 3939 126 3998; x_wconf 85' lang='lat' dir='ltr'><strong>sint</strong></span> <span class='ocrx_word' id='word_1_144' title='bbox 138 3951 196 3999; x_wconf 89' lang='lat' dir='ltr'><strong>tam</strong></span> <span class='ocrx_word' id='word_1_145' title='bbox 212 3949 331 4021; x_wconf 72' lang='lat' dir='ltr'><strong>vegeta,</strong></span> <span class='ocrx_word' id='word_1_146' title='bbox 350 3937 482 4012; x_wconf 83' lang='lat' dir='ltr'><strong>stabilia,</strong></span> <span class='ocrx_word' id='word_1_147' title='bbox 500 3938 659 3997; x_wconf 81' lang='lat' dir='ltr'><strong>constantia</strong></span> <span class='ocrx_word' id='word_1_148' title='bbox 672 3950 758 4018; x_wconf 91' lang='lat' dir='ltr'><strong>atque</strong></span> <span class='ocrx_word' id='word_1_149' title='bbox 772 3937 998 4019; x_wconf 77' lang='lat' dir='ltr'><strong>cimumspeeta‚</strong></span> <span class='ocrx_word' id='word_1_150' title='bbox 1016 3959 1103 4019; x_wconf 87' lang='lat' dir='ltr'><strong>quam</strong></span> <span class='ocrx_word' id='word_1_151' title='bbox 1115 3959 1149 3998; x_wconf 85' lang='lat' dir='ltr'><strong>ea</strong></span> 
     </span>
     <span class='ocr_line' id='line_1_22' title="bbox 68 4042 1153 4127; baseline 0 -23"><span class='ocrx_word' id='word_1_152' title='bbox 68 4066 131 4106; x_wconf 84' lang='lat' dir='ltr'><strong>esse</strong></span> <span class='ocrx_word' id='word_1_153' title='bbox 155 4068 210 4127; x_wconf 90' lang='lat' dir='ltr'><strong>par</strong></span> <span class='ocrx_word' id='word_1_154' title='bbox 228 4057 272 4106; x_wconf 83' lang='lat' dir='ltr'><strong>est</strong></span> <span class='ocrx_word' id='word_1_155' title='bbox 292 4067 325 4105; x_wconf 87' lang='lat' dir='ltr'><strong>ac</strong></span> <span class='ocrx_word' id='word_1_156' title='bbox 348 4044 441 4106; x_wconf 84' lang='lat' dir='ltr'><strong>decet.</strong></span> <span class='ocrx_word' id='word_1_157' title='bbox 467 4044 630 4127; x_wconf 80' lang='lat' dir='ltr'><strong>Ingenuum</strong></span> <span class='ocrx_word' id='word_1_158' title='bbox 651 4065 751 4104; x_wconf 86' lang='lat' dir='ltr'><strong>eorum</strong></span> <span class='ocrx_word' id='word_1_159' title='bbox 771 4044 901 4126; x_wconf 83' lang='lat' dir='ltr'><strong>vigorem</strong></span> <span class='ocrx_word' id='word_1_160' title='bbox 924 4045 1065 4126; x_wconf 81' lang='lat' dir='ltr'><strong>absorpsit</strong></span> <span class='ocrx_word' id='word_1_161' title='bbox 1087 4042 1153 4104; x_wconf 81' lang='lat' dir='ltr'><strong>lere</strong></span> 
     </span>
     <span class='ocr_line' id='line_1_23' title="bbox 67 4149 1151 4234; baseline 0.001 -24"><span class='ocrx_word' id='word_1_162' title='bbox 67 4174 174 4216; x_wconf 80' lang='lat' dir='ltr'><strong>vanum</strong></span> <span class='ocrx_word' id='word_1_163' title='bbox 190 4174 329 4215; x_wconf 84' lang='lat' dir='ltr'><strong>vanarum</strong></span> <span class='ocrx_word' id='word_1_164' title='bbox 342 4174 441 4216; x_wconf 85' lang='lat' dir='ltr'><strong>rerum</strong></span> <span class='ocrx_word' id='word_1_165' title='bbox 455 4152 599 4229; x_wconf 86' lang='lat' dir='ltr'><strong>studium,</strong></span> <span class='ocrx_word' id='word_1_166' title='bbox 610 4151 752 4234; x_wconf 83' lang='lat' dir='ltr'><strong>quonihil</strong></span> <span class='ocrx_word' id='word_1_167' title='bbox 764 4149 1030 4234; x_wconf 78' lang='lat' dir='ltr'><strong>habentautiquius</strong></span> <span class='ocrx_word' id='word_1_168' title='bbox 1041 4195 1050 4228; x_wconf 86' lang='lat'>‚</span> <span class='ocrx_word' id='word_1_169' title='bbox 1062 4172 1151 4232; x_wconf 69' lang='lat' dir='ltr'><strong>quani</strong></span> 
     </span>
    </p>
   </div>
   <div class='ocr_carea' id='block_1_8' title="bbox 0 0 1324 4800">
    <p class='ocr_par' dir='ltr' id='par_1_8' title="bbox 0 0 1324 4800">
     <span class='ocr_line' id='line_1_24' title="bbox 0 0 1324 4800; baseline 0 5"><span class='ocrx_word' id='word_1_170' title='bbox 0 0 1324 4800; x_wconf 95' lang='lat' dir='ltr'><strong> </strong></span> 
     </span>
    </p>
   </div>
  </div>
 </body>
</html>
