2640 4800
340 317 539 394 utnon.
567 315 768 413 Qonsr.
796 326 892 393 ΜΒ.
919 329 947 396 1.
1146 335 1191 428 ,9

112 458 341 556 parteridco‚
356 451 578 548 quaepublica
591 466 643 519 eet
656 455 687 537 ¹,
706 449 765 520 sed
782 477 888 544 quum
900 458 1103 524 secretiora²
1119 461 1192 550 ejue
1272 535 1274 544 ,

111 576 239 646 intravi
251 600 260 641 ε
272 592 379 666 quum
390 569 497 656 dinco,
513 592 590 661 quae
601 568 752 636 universi
768 571 911 639 materia
924 566 1003 655 eit³,
1022 570 1099 663 quie
1110 596 1192 642 auo-

113 695 224 765 torsit
238 706 298 761 aut
315 705 427 760 cuetoe
439 717 448 774 3
462 679 550 780 ¹quid
563 685 607 754 sit
620 686 729 775 Dcue3
748 702 837 756 totus
856 681 893 756 iu
910 712 946 757 se
961 687 1135 774 intendat,
1149 712 1194 760 un

113 810 157 880 ad
172 832 237 878 noe
251 804 438 899 aliquando
454 795 660 896 respiciat⁴3
678 800 780 870 tactae
798 802 952 896 quotidie
972 806 1128 898 aliquid,
1149 832 1194 877 an
1227 856 1229 860 »

114 928 234 1013 semel,
246 926 367 994 fecerit
377 945 457 1016 pore
477 917 596 989 mundi
611 919 672 1004 eit,
688 938 733 987 uo
749 914 917 990 munduo⁵
930 952 939 1008 3
952 923 1053 992 liceat
1067 924 1117 992 illi
1132 927 1196 993 ho·

114 1180 183 1252 epod
192 1174 362 1230 Columellam
373 1172 441 1226 ‹lell-
448 1191 467 1223 r.
475 1171 634 1244 praloques
681 1164 795 1236 Syrtem.
810 1171 971 1248 leud.11,p.
988 1156 1080 1247 '84⁸4
1100 1182 1145 1250 ¹9⁵
1158 1199 1196 1250 sq.

116 1258 208 1312 ordine
228 1274 275 1307 suo
295 1267 356 1307 tnnc
375 1252 479 1304 demum
499 1266 635 1321 persequer
683 1246 775 1299 ltutk.

116 1355 196 1408 quum
208 1334 328 1408 prelatus
338 1330 434 1382 suero.»
449 1327 488 1379 Cf.
498 1326 565 1377 inire
576 1324 612 1374 lV
624 1362 633 1389 ,
718 1328 741 1393 4
748 1327 898 1396 Respiciet,
913 1351 971 1384 cora
985 1353 1029 1386 sue
1043 1355 1089 1388 uos
1101 1337 1197 1409 digne.

117 1437 151 1480 ι,
164 1433 213 1478 ²⁰3
225 1412 262 1477 V,
272 1409 306 1480 3,
321 1427 351 1470 13
366 1407 412 1470 13,
425 1408 448 1473 4.
459 1404 520 1458 Dici
528 1403 633 1474 quidem
684 1408 990 1478 tnr,ipepq”c‚lrr16lt'orr.
1003 1411 1043 1464 Cf.
1056 1415 1088 1465 de
1102 1415 1197 1484 Trenq.

117 1492 297 1566 possit,nsnm
309 1485 441 1556 utriusque
450 1481 582 1556 particule
591 1499 635 1552 per
684 1488 733 1536 An.
746 1504 767 1536 c.
780 1487 807 1550 8,
819 1505 842 1539 n.
855 1486 924 1539 lliuc
934 1489 1043 1544 tortuose
1057 1491 1198 1563 respicien-

117 1593 144 1625 ιο
154 1589 227 1640 mque
235 1588 264 1621 ae
273 1565 457 1639 pronominum
465 1563 506 1614 tic
515 1571 559 1611 aut
569 1558 636 1610 hicce
684 1562 717 1614 tie
733 1564 822 1614 senum
835 1564 934 1617 Romae.
951 1564 1005 1617 Cic.
1018 1566 1049 1618 de
1066 1569 1144 1641 legg.
1155 1570 1195 1631 ll,

117 1646 276 1722 etymologie
290 1656 350 1697 teste
364 1654 388 1695 et
400 1639 519 1711 analogia
533 1649 635 1689 anctore
690 1661 713 1692 ιι
730 1642 770 1693 ρὰ,
783 1641 901 1694 Goereng,
918 1642 1020 1695 lmella
1032 1645 1063 1696 ,d
1080 1646 1200 1719 xenoph,

116 1726 310 1802 promiscuum,
326 1720 454 1794 euphonia
466 1717 545 1770 modo
560 1714 635 1766 arbi·
685 1717 777 1790 Ephee.
788 1738 813 1787 p.
828 1721 885 1785 284.
898 1721 1008 1788 Respice
1017 1723 1201 1783 oos.sormule

118 1819 166 1870 tre,
176 1801 240 1856 locis
250 1797 447 1853 eccommodari,
457 1795 509 1848 Sesl
517 1795 568 1847 hoc
578 1793 636 1845 uti·
686 1795 736 1847 tuit
747 1795 867 1849 solemnis
881 1797 909 1849 in
922 1799 1045 1870 precibus.
1064 1800 1201 1872 Plerosque

118 1904 169 1954 que
188 1899 279 1933 rerum
303 1897 357 1930 non
379 1895 431 1928 esee
451 1884 551 1946 potest,
576 1890 636 1923 nem
687 1887 771 1926 autem
791 1875 834 1926 hos
853 1877 1003 1946 quaestiones
1023 1878 1157 1949 Epicureis
1178 1894 1203 1933 et

119 1974 226 2032 utreque
239 1957 353 2031 proxime
364 1966 425 2009 ente
437 1959 545 2008 demum
556 1952 637 2024 poni·
688 1953 780 2005 Stoicis
789 1954 933 2024 disputandi
946 1976 1018 2008 enses
1030 1957 1128 2010 dedisse
1140 1974 1202 2011 con-

119 2051 168 2091 tnr.
180 2037 275 2090 Melius
286 2035 436 2102 truderetur,
451 2033 570 2084 interesse
587 2029 638 2081 eti·
688 2043 743 2084 stet.
761 2031 803 2084 Sic
819 2032 943 2105 Epicurus
959 2036 1097 2103 statuebat,
1111 2035 1201 2089 Deum

120 2115 185 2185 quid
197 2112 349 2178 interillos,
366 2124 391 2165 et
404 2110 510 2182 quidem
527 2109 590 2172 hoc,
609 2119 638 2160 ut
688 2123 771 2164 totum
782 2116 810 2164 in
821 2131 849 2164 se
856 2115 988 2166 intendere
1000 2115 1011 2180 (
1021 2116 1052 2166 cs.
1067 2116 1156 2168 Senec.
1169 2116 1202 2169 de

122 2187 179 2246 turis
189 2191 222 2245 etl
233 2193 330 2244 incerte
337 2209 381 2242 sen
392 2188 557 2262 hypothetice
569 2187 639 2238 rele-
689 2190 780 2242 Bcnes.
799 2192 848 2254 IV,
867 2190 890 2255 4
904 2192 982 2264 Diog.
998 2194 1080 2246 Laert.
1094 2195 1136 2258 Χ,
1153 2215 1200 2264 77,

122 2283 201 2338 retur,
210 2269 311 2323 trenced
320 2280 387 2321 certe
395 2279 420 2320 et
432 2266 531 2318 thetica.
539 2263 639 2316 Koeler.
689 2282 742 2321 noc
750 2271 775 2334 );
787 2273 868 2322 semel
868 2271 965 2340 secisse
978 2283 1121 2325 atomorum
1135 2294 1204 2329 con-

159 2347 256 2419 1.Qnoe
262 2346 424 2415 publicam.
433 2345 476 2396 stc
485 2340 560 2396 codd.
568 2340 640 2392 Cori-
689 2363 778 2398 cursu:
788 2346 815 2397 in
823 2366 873 2415 qne
880 2348 1003 2399 sententie
1014 2349 1062 2400 tuit
1073 2363 1097 2401 ct
1107 2365 1202 2414 noster,

123 2429 225 2482 einnins
240 2438 326 2478 tamen
348 2421 425 2497 paulo
443 2419 547 2492 putabat
566 2417 640 2469 Gru·
690 2426 720 2478 de
732 2425 822 2478 Renes.
833 2428 886 2490 Vl,
901 2427 940 2478 23.
957 2428 1048 2480 nott.
1064 2458 1097 2470 -
1109 2433 1205 2486 Audite

123 2497 640 2574 cerus:queput›1.-Qnoepublica
689 2523 702 2556 e
736 2524 812 2576 grege
840 2517 950 2574 utroque
978 2511 1203 2580 praestantissimos.

123 2595 178 2646 est,
192 2582 210 2634 i.
225 2603 246 2634 e.
267 2580 371 2633 cuilibet
389 2579 432 2632 vel
451 2597 504 2629 non
524 2586 640 2629 accurato
689 2581 763 2633 Prior
771 2584 870 2634 Lucret.
878 2582 922 2634 lib.
932 2585 955 2635 lt
968 2602 974 2636 ε
985 2607 998 2631 o
1008 2586 1077 2637 Nem
1088 2609 1133 2661 pro
1145 2610 1203 2643 san.

124 2655 513 2717 scrutatorimenitesta.1tuht.
688 2672 726 2712 cte
744 2660 830 2710 Deum
848 2662 984 2730 tranquilla
1003 2677 1103 2735 pectore
1120 2687 1201 2738 pace,

158 2764 181 2795 α.
193 2741 287 2813 Quum
297 2739 431 2791 secretiora
438 2733 555 2786 omnium
563 2731 638 2784 codd.
688 2735 754 2802 Qnae
765 2737 893 2808 placidum
903 2737 1098 2810 deguntaerum,
1110 2749 1203 2797 vitem-

125 2822 261 2875 lectionem
273 2828 415 2870 mutaverat
424 2816 639 2868 Murotnetinse-
687 2835 736 2885 que
754 2834 883 2878 screnum,
902 2817 968 2886 Quis
985 2838 1072 2892 regere
1084 2822 1203 2877 immensi

124 2904 242 2953 cretioro.
254 2895 342 2948 Ruit.
687 2912 831 2960 summam,
846 2895 901 2963 quie
914 2894 1008 2949 haltere
1018 2901 1140 2970 profundi
1150 2905 1203 2956 Eu·

157 2977 182 3029 3.
197 2977 268 3048 Qnoe
280 2975 392 3026 universi
402 2973 515 3023 materia
527 2972 576 3029 sit,
589 2969 639 3039 pri·
690 2971 723 3024 do
736 2992 815 3024 manu
827 2972 925 3026 validas
937 2975 1002 3048 potis
1015 2990 1051 3028 est
1063 2978 1204 3032 modernu-

126 3078 183 3122 me,
196 3058 222 3116 ἒξ
234 3051 262 3116 ἧς
279 3053 439 3108 ὁτιδηποτοῦν
450 3051 547 3113 γίνεται.
558 3048 638 3120 Diog·
688 3065 725 3104 ter
738 3051 870 3105 habenae?
883 3054 946 3123 Quis
961 3055 1052 3125 pariter
1064 3057 1138 3110 culos
1149 3080 1204 3111 om·

126 3137 208 3189 hert.
220 3132 284 3197 Vll,
304 3131 351 3196 154
369 3141 422 3180 not.
441 3127 481 3179 Cf.
494 3126 575 3178 nostri
592 3127 640 3196 Ep.
689 3150 733 3182 nes
749 3130 918 3183 convertere?
939 3143 962 3181 et
987 3152 1075 3184 omncs
1096 3136 1203 3206 ignibus

128 3229 194 3279 cxv,
210 3233 225 3266 n
238 3232 276 3283 eq.
289 3221 344 3263 not.
358 3208 453 3260 Multos
465 3220 548 3259 eutem
562 3206 640 3257 fuisso
688 3208 797 3261 aetheriie
808 3221 886 3261 terres
896 3206 982 3260 suffire
994 3209 1108 3262 feraces?
1121 3233 1134 3258 n
1154 3213 1202 3263 Po·

129 3293 227 3347 Stoieos
239 3290 268 3342 in
282 3285 428 3361 exponenda
441 3283 489 3336 hee
503 3303 544 3348 re,
563 3283 640 3334 vide·
690 3299 741 3338 stee
754 3286 814 3338 scite
826 3285 932 3337 Boetius
944 3286 985 3337 tib.
1002 3288 1025 3337 V
1037 3305 1045 3340 t
1059 3309 1072 3334 ι(
1087 3289 1155 3341 Huic
1173 3309 1202 3341 η

127 3389 183 3423 mus
195 3381 251 3421 tum
264 3387 293 3419 ex
304 3361 468 3437 fragmentis,
480 3382 533 3413 non
543 3380 640 3431 usque·
690 3363 741 3417 alto
753 3377 843 3417 cuncte
855 3363 937 3417 tuenti
947 3364 1025 3417 Nulla
1044 3377 1116 3419 terroe
1134 3367 1202 3421 mole

128 3470 227 3521 quaque
249 3459 335 3500 tamen
357 3442 456 3504 claris,
477 3441 641 3496 {Cicerone
689 3439 830 3503 resistunt,
854 3440 914 3492 Non
933 3460 985 3494 nox
1006 3443 1066 3495 utris
1092 3443 1204 3498 nubibus

128 3526 234 3600 eliisque
246 3521 411 3584 conservetis,
421 3530 476 3572 tum
492 3540 505 3572 e
523 3520 641 3592 designa·
690 3517 779 3569 obstat.
792 3516 858 3585 Quae
869 3518 935 3583 sint,
951 3538 1008 3589 quoe
1027 3522 1134 3587 fuerint,
1159 3543 1203 3574 ve·

129 3607 196 3661 tione
214 3605 340 3660 librorum
356 3600 469 3654 Zenonis
481 3599 642 3669 aliorumque
691 3596 821 3667 nitentque,
830 3596 890 3650 Uno
900 3597 992 3649 mentis
1001 3599 1080 3650 ceruit
1088 3599 1115 3650 in
1126 3600 1203 3653 ictu.»

130 3691 299 3760 Stoicorum,
323 3685 367 3758 qui
390 3696 476 3738 contra
499 3696 642 3735 atomorum
691 3672 783 3726 ΓΜ·

132 3769 274 3821 defensores
294 3784 366 3818 suem
381 3764 412 3815 de
429 3760 540 3815 materie
552 3759 643 3813 inertie
725 3756 749 3807 5·
763 3756 836 3808 Pars
848 3757 1096 3809 mnndi-..mundos.
1110 3758 1205 3810 Poste-

131 3857 245 3919 etparete
254 3840 381 3895 adomnia
394 3838 644 3892 neturesentcntiam
693 3834 746 3886 rius
765 3847 885 3905 sequutus
906 3846 943 3888 cst
964 3836 1062 3888 Seneca
1083 3837 1149 3890 inira
1161 3840 1203 3903 ll,

131 3923 194 3975 tueri
206 3921 367 3980 studuerunt.
381 3918 508 3972 Caeternm
519 3916 550 3967 cl.
563 3915 594 3967 tle
604 3914 643 3967 his
694 3915 725 3979 45
739 3935 796 3966 curu
816 3914 920 3984 reliquis
942 3914 1034 3967 Stoicis
1053 3931 1060 3966 τ
1081 3916 1205 3990 Epicurus

131 3992 329 4072 questionibus,
347 3998 379 4050 sle
393 3996 485 4068 quibus
497 4016 529 4048 ne
550 3995 643 4048 Stoicis
694 3993 850 4046 contrarium
869 3994 958 4047 tenuit.
981 3994 1072 4047 liutet.
1086 4022 1119 4034 -
1135 3995 1206 4048 Pare
1223 4018 1229 4053 t

132 4080 234 4150 quidem
258 4075 442 4139 conveniebet,
473 4075 646 4127 Tiedemnnm'
694 4074 790 4125 mnndi
806 4084 842 4122 est
860 4072 955 4124 Anime
974 4073 1040 4141 ejus,
1063 4083 1091 4123 ut
1111 4073 1207 4126 Stoicis

248 4173 289 4242 V·
1036 4166 1059 4254 4
