2640 4800
76 389 84 399 ”
195 412 237 459 20
541 383 587 452 G.
612 380 657 448 D.
683 377 916 452 KOELERI

190 545 254 594 tetro
264 579 271 602 ‚
281 533 364 593 statis
373 532 495 592 olromm
505 529 578 588 ineo
588 549 679 587 renem
688 528 808 598 ouum,
823 529 980 611 legibusque
988 518 1049 610 ejus
1060 533 1175 592 occultis
1183 530 1268 605 XIII.

192 641 303 701 Mentio
312 639 434 720 piscium
442 632 632 716 Theophrasti
640 632 784 699 ,fossilium
799 635 902 714 injecta
917 657 1015 696 ansam
1029 660 1106 698 nunc
1117 640 1146 698 ei
1159 639 1208 699 dut
1219 663 1271 702 ex-

190 745 321 814 currendi
331 745 360 803 in
376 744 474 803 uxum
487 741 684 800 Romanorum
694 738 782 801 XVII
791 784 799 814 ‚
808 741 927 822 ejusque
937 744 1099 821 castigandi
1106 791 1114 815 ,
1134 756 1270 826 quatem

186 855 261 932 gulo
274 852 386 912 inerret
397 848 512 915 XVIII.
530 848 596 909 Iam
610 860 756 908 revertens
767 850 797 909 in
811 851 906 924 viam,
924 851 1050 930 piscibus
1061 853 1117 912 illis
1129 875 1198 913 vere
1208 852 1271 913 sos-

188 959 289 1029 silibus
310 960 400 1018 utitur
422 957 459 1017 ad
483 955 711 1030 ostendendum,
734 966 840 1016 terrore
859 959 1047 1019 subterraneis
1067 963 1149 1042 aquis
1161 971 1270 1022 scotos

186 1064 271 1127 XIX.
295 1063 405 1125 Exacta
422 1065 481 1143 jam
502 1065 599 1144 primo
619 1061 705 1142 hujus
723 1062 791 1122 libri
802 1073 900 1143 porte,
922 1064 973 1123 ubi
991 1066 1051 1147 egit
1067 1065 1104 1125 de
1127 1067 1270 1137 olmunu‘e

185 1181 268 1254 utque
280 1171 398 1251 perenni
415 1171 497 1249 lapsu
520 1190 657 1251 oquomm
678 1169 799 1228 alteram
813 1180 927 1248 portem
951 1169 1134 1252 aggreditur,
1160 1172 1192 1231 in
1210 1195 1268 1255 qun

184 1277 306 1359 requaoe
328 1297 465 1358 oquomm
484 1284 602 1334 neutros
618 1285 647 1332 et
660 1274 730 1333 eires
743 1294 799 1333 non
815 1275 943 1335 omnihus
963 1297 1123 1337 communes
1136 1292 1266 1352 enarrat,

185 1382 256 1443 dam
272 1403 420 1464 saporem,
437 1380 572 1453 odorem,
587 1392 694 1446 tactum
715 1394 801 1461 prout
817 1381 880 1440 loca
898 1382 972 1456 sint,
988 1403 1115 1464 perque
1126 1382 1266 1458 ferantur,

184 1491 263 1550 varie
275 1489 413 1561 officiant,
427 1487 505 1548 unde
523 1488 583 1547 aliae
600 1488 709 1559 noxie,
727 1487 788 1546 alis
806 1487 953 1546 medicntae
968 1489 1044 1561 sint,
1067 1489 1128 1549 alie
1146 1490 1178 1552 in
1190 1490 1269 1571 lupi-

183 1596 250 1656 dem
269 1606 454 1667 convertant,
471 1605 520 1652 aut
533 1592 630 1674 lapide
645 1591 809 1666 obducant,
825 1594 887 1652 niiae
902 1594 1048 1654 inebrient
1059 1593 1127 1658 XX.
1149 1593 1195 1655 Ex
1211 1596 1268 1657 tac

180 1724 257 1784 aquo
272 1723 384 1781 surgere
402 1700 536 1758 lethalem
551 1699 698 1778 spiritum,
715 1698 766 1779 qui
783 1698 1013 1780 introspicientes
1033 1702 1123 1782 possit
1135 1702 1269 1764 occidere

180 1785 265 1870 XXI.
289 1807 344 1866 His
369 1803 495 1864 adnectit
514 1814 546 1861 nt
562 1802 640 1863 aliud
664 1824 804 1884 aquenum
826 1805 856 1864 in
880 1808 1075 1887 superioribus
1096 1831 1124 1868 c.
1142 1807 1191 1882 II,
1207 1832 1267 1871 non

181 1913 356 1995 promissum
367 1932 476 1993 genus,
493 1931 551 1970 unu
565 1932 631 1969 cum
647 1911 811 1992 primordiis
824 1912 925 1972 mundi
936 1904 1121 1974 constitutum
1131 1936 1268 1977 monum

180 2017 287 2092 XXII,
314 2039 432 2098 nosque,
446 2016 514 2076 fucit
528 2017 680 2090 certiores,
702 2016 873 2078 divisionem
899 2020 957 2079 illic
979 2023 1157 2081 terrestrium
1174 2044 1268 2104 aqua-

181 2148 247 2187 rum
265 2126 439 2208 propositam
453 2145 513 2183 non
528 2145 590 2184 esse
606 2145 702 2198 suam,
722 2124 775 2185 sed
789 2126 926 2200 aliomm,
943 2128 994 2208 qui
1015 2149 1094 2188 casa
1107 2130 1269 2189 caelestibus

73 2311 78 2317 ·
183 2233 382 2315 distinguant,
406 2253 497 2312 quum
518 2231 580 2311 ipse
600 2231 656 2289 alio
673 2230 759 2291 modo
780 2233 844 2292 illos
865 2232 997 2294 bifariam
1021 2234 1130 2295 dividat
1147 2234 1263 2308 XXIII.

182 2338 337 2422 Supererat
350 2351 384 2398 ut
407 2338 546 2398 curiosior
568 2339 640 2398 ratio
661 2339 830 2400 redderetur
843 2342 989 2411 variarum
1007 2342 1120 2403 illarum
1136 2345 1264 2417 virium,

184 2468 218 2506 ac
238 2447 365 2528 primum
382 2443 520 2526 quidem,
537 2464 588 2504 cur
606 2445 720 2504 caleant
738 2445 887 2526 quadum,
908 2447 1067 2528 probatque
1086 2447 1269 2528 Empedoclis

183 2552 349 2614 “aunuum
364 2551 532 2611 balnearum
542 2551 750 2624 similitudine,
766 2553 842 2611 intra
855 2565 961 2613 terram
975 2555 1056 2637 ignes
1067 2576 1129 2615 case
1139 2555 1269 2616 creden-

185 2663 239 2735 tis,
256 2661 303 2720 cui
317 2658 398 2720 addit
408 2660 526 2719 alteram
537 2702 546 2733 ,
559 2659 683 2718 calorem
695 2679 710 2718 c
720 2660 858 2732 materia,
870 2682 922 2740 per
937 2683 1023 2742 quam
1036 2660 1139 2736 fluant,
1157 2662 1269 2733 ducere

187 2788 275 2848 aquas
292 2766 455 2848 putantium
474 2763 586 2828 XXIV.
604 2763 679 2844 Tum
694 2763 809 2824 disserit
829 2764 940 2846 prolixe
961 2766 999 2826 dc
1019 2780 1121 2827 natuua
1141 2769 1265 2830 aliam

186 2894 323 2954 uquarum
336 2870 564 2953 mortiferarum,
585 2871 682 2932 innam
702 2869 900 2953 ἰιῴιιειιίιωη,
920 2875 1050 2951 gmomm
1065 2875 1131 2934 aliis
1146 2896 1268 2955 corporo

183 2980 356 3060 portarum
380 2977 459 3059 quod
477 2999 543 3038 eum
559 2977 653 3038 defert
668 2978 706 3038 nd
728 2989 858 3039 natum
874 2980 997 3050 mulos,
1021 2982 1192 3042 mutem
1202 2984 1267 3042 ⁴in-

186 3085 305 3166 primis,
322 3085 403 3163 cujus
426 3084 468 3143 rei
488 3105 605 3144 coruom
624 3097 673 3143 aut
696 3086 726 3144 in
739 3086 868 3163 ffluvaore
886 3107 961 3166 aquo
981 3098 1030 3144 ant
1050 3088 1080 3145 in
1100 3089 1200 3149 holere
1215 3112 1267 3150 nb

187 3193 271 3252 ritate
288 3191 345 3251 soli
361 3186 869 3270 insulaeponit,soecund1sseminos
878 3187 1070 3269 formatium,
1085 3203 1117 3251 ut
1132 3194 1267 3256 miota'co·

185 3321 247 3359 rum
262 3308 353 3358 cutem
368 3298 500 3375 oanltgrne
508 3296 699 3377 similibusque
697 3293 890 3375 soedunniam,
906 3298 1091 3379 incrystallos
1103 3299 1265 3362 admotas·

186 3403 282 3466 XXV.
301 3404 446 3484 Sequitur,
467 3415 500 3462 ut
518 3401 699 3475 addendum,
724 3404 854 3485 quamdiu,
881 3426 931 3464 cur
941 3403 1067 3486 fhuuino
1096 3416 1262 3482 urgeantur,

148 3526 153 3536 ’
185 3519 367 3580 monacum,
391 3518 598 3578 consumantur,
619 3519 798 3579 recedenter,
825 3511 854 3568 in
879 3510 977 3591 quibus
997 3509 1126 3590 Alpheus
1145 3513 1267 3593 potissi-

184 3639 265 3678 mum
294 3629 485 3688 memoratur,
511 3617 655 3698 canusque
678 3617 773 3676 sordes
794 3637 867 3697 saepe
895 3637 992 3676 secum
1019 3616 1149 3696 ejiciant,
1183 3622 1265 3699 cujus

184 3745 270 3784 causa
284 3723 429 3783 invenitur
441 3723 471 3780 in
485 3731 588 3781 nomm
598 3742 629 3781 se
638 3722 781 3801 purgandi
789 3723 912 3787 omnium
926 3743 1062 3803 aquomm
1072 3727 1264 3801 stagnorum

185 3829 296 3897 XXVI.
324 3830 421 3905 Quum
437 3827 484 3888 hic
499 3829 613 3890 Senecae
637 3829 667 3887 in
687 3841 813 3889 mentem
832 3831 957 3890 venisset
974 3830 1143 3891 universalis
1170 3833 1265 3892 inun-

184 3935 324 4010 dationis,
353 3934 506 4016 aqunmndo
532 3957 570 3994 ex
585 3936 694 3995 ratione
715 3934 875 3996 Stoicorum
891 3957 936 3995 res
955 3934 1095 3996 humanas
1119 3937 1262 4010 finitum,

184 4042 221 4106 de
237 4063 271 4102 ca
287 4042 464 4125 perreliqua
481 4043 574 4122 capita
589 4039 711 4113 XXIX,
731 4038 820 4100 XXX
830 4041 889 4123 agit
900 4084 909 4114 ,
921 4054 949 4100 et
959 4043 1053 4123 primo
1073 4065 1176 4116 suam,
1200 4056 1262 4116 tum

179 4150 303 4213 aliorum
323 4150 444 4212 afferens
467 4148 661 4222 sententiam,
685 4147 802 4229 querit,
828 4159 924 4208 utrum
945 4148 1000 4209 hoc
1026 4169 1079 4230 per
1102 4171 1260 4225 oceanum,
