2640 4800
144 345 189 429 do
495 339 540 409 G.
568 338 612 406 D.
640 335 875 406 KOELERI

140 487 213 545 libro
228 485 328 565 quinto
343 495 372 542 et
383 495 465 542 sexto
480 482 570 561 possit
585 479 758 539 desiderare.
771 477 916 538 Excursus
932 491 1017 560 atque
1030 477 1216 553 diverticula,

141 596 249 674 inquae
268 613 334 651 eum
351 587 552 662 animuslert,
575 584 807 660 utl,'16,;ll,
830 586 889 656 325
911 586 972 659 ΙΙΙ,
1000 583 1053 657 18;
1072 586 1136 663 Vl,
1155 587 1217 658 23,

139 700 301 780 quibusque
315 696 463 778 indulget,
480 716 539 754 non
560 707 644 779 erunt
660 696 687 753 ei
702 695 772 754 vitio
786 692 943 763 vertenda;
963 704 1030 752 sunt
1048 693 1126 752 enim
1146 694 1218 754 bre-

128 807 205 883 ¹via,
228 825 322 884 neque
346 823 412 861 eum
432 801 538 873 lectore
557 823 620 884 non·
636 801 744 861 monito
765 799 803 859 de
820 800 867 858 via
882 799 1029 874 devertit,
1052 800 1218 882 pariterque

141 933 208 972 eum
222 922 320 970 monet
334 909 365 967 in
380 910 457 992 viam
469 906 630 967 reductum.
645 907 681 966 In
698 905 910 991 praefationibus
925 917 955 967 et
966 907 1086 990 epilogis
1099 907 1218 968 liberius

140 1020 226 1101 genio
240 1018 389 1100 indulget,
405 1029 433 1076 et
448 1016 592 1076 interdum
606 1016 703 1096 paullo
718 1028 784 1075 ante
800 1016 869 1074 satis
884 1014 989 1075 diserte
1004 1015 1081 1075 dieta
1095 1017 1216 1098 repetit,

138 1137 172 1184 ut
187 1123 266 1198 Vll,
282 1143 319 1205 27
334 1120 388 1206 sq.
411 1124 521 1186 Verum
542 1123 583 1182 ibi
603 1123 671 1182 talia
695 1123 732 1182 ad
751 1143 880 1204 unguem
902 1144 960 1182 non
984 1120 1091 1205 debent
1107 1124 1214 1206 exegi,

138 1231 188 1290 ubi
209 1229 379 1290 secundaria
399 1241 534 1312 aguntur,
561 1250 726 1311 quanquam
747 1226 928 1288 declamandi
953 1228 1047 1288 studio
1071 1222 1216 1289 interdum

137 1336 241 1398 melius
254 1349 440 1419 temperasset
454 1348 486 1395 ut
499 1336 532 1409 Ι,
550 1333 602 1411 16,
618 1335 719 1396 saltem
736 1338 766 1394 in
781 1337 816 1395 iis
830 1335 920 1410 locis,
937 1335 987 1395 ubi
1002 1337 1217 1420 seriatraetan-

136 1455 195 1516 tur,
211 1463 315 1524 resque
329 1442 456 1502 difficiles
470 1443 662 1523 explicantur.
674 1440 738 1501 Hoc
750 1441 851 1502 secisse
865 1441 921 1527 ,1,
935 1440 1014 1512 3-8;
1026 1440 1075 1501 111
1083 1486 1098 1528 ,q
1110 1438 1165 1518 16,
1183 1461 1193 1502 ι
1207 1467 1215 1511 ;

139 1568 198 1631 27,
219 1570 272 1630 ro,
289 1550 315 1608 ei
329 1548 397 1609 dedi
412 1551 546 1623 crimini,
564 1570 659 1631 neque
674 1548 761 1608 eredo
776 1549 901 1629 injuria;
917 1549 1008 1630 stylus
1021 1550 1099 1608 enim
1114 1546 1216 1608 decla-

138 1657 276 1715 matorius
291 1678 357 1716 eum
372 1656 449 1740 stylo
461 1655 616 1733 dialectico:
625 1657 795 1733 conjunctus
810 1677 867 1713 nou
886 1666 980 1736 potest
1004 1677 1062 1715 non
1080 1655 1131 1714 fini
1144 1675 1217 1740 pcr-

134 1763 295 1847 ,spienitatis
306 1763 390 1822 valde
398 1761 514 1833 obesse,
527 1773 555 1819 et
566 1781 612 1820 res
624 1761 779 1843 perplexas
789 1782 864 1843 saepe
874 1762 995 1822 reddere
1006 1762 1213 1845 perplexiones.

135 1869 275 1940 Accedit,
292 1867 371 1949 quod
381 1868 489 1928 Seneca
502 1866 647 1927 interdum
659 1889 717 1927 non
731 1868 885 1951 diligenter
899 1869 1049 1951 distinguit
1058 1857 1075 1944 ,⁶
1084 1868 1156 1951 quid
1166 1869 1217 1928 alii

135 1975 233 2035 dicant
244 2018 253 2045 ,
265 1973 337 2053 quid
348 1974 425 2054 ipse,
437 1985 469 2031 ut
480 1972 579 2033 videre
589 1986 632 2033 est
641 1975 672 2033 in
680 1974 757 2049 Vll,
780 1974 816 2036 15
826 2020 834 2048 ,
850 1975 916 2035 coll.
935 1974 985 2036 25.
1001 1975 1071 2051 Quae
1086 1976 1157 2036 alias
1167 1973 1215 2034 bic

136 2081 204 2140 inde
214 2091 368 2139 occurrunt
377 2080 509 2154 obseura,
521 2083 616 2141 einon
628 2081 736 2142 debent
746 2083 894 2164 imputari,
907 2081 959 2144 sed
967 2095 1017 2142 aut
1028 2083 1115 2143 rebus
1125 2084 1212 2166 ipsis,

135 2208 187 2247 seu
198 2184 307 2246 Lucilio
322 2187 531 2268 explanationis
545 2211 603 2248 non
618 2188 784 2272 indigente,
798 2202 831 2250 ut
846 2190 952 2251 deinde
963 2191 1121 2251 accuratius
1131 2189 1216 2250 vide-

135 2294 242 2354 bimus.
259 2291 305 2352 Ex
320 2292 365 2353 bis
388 2296 485 2376 itaque
507 2295 640 2356 omnibus
661 2297 711 2355 fiet
732 2298 941 2395 perspicuum,
959 2296 1086 2378 singulos
1102 2294 1212 2368 libros,

136 2412 239 2481 quarto
253 2398 371 2481 quidem
386 2413 525 2483 excepto,
543 2401 655 2482 singula
671 2413 830 2476 toto,esse,
847 2402 984 2461 continuo
998 2393 1129 2460 sermone
1142 2401 1216 2460 seri-

136 2520 207 2590 pta,
223 2519 252 2567 et
269 2507 307 2567 ad
320 2528 464 2568 summum
479 2507 625 2588 quoddam
638 2507 738 2568 referri
751 2521 961 2591 argumentum.
977 2509 1042 2567 Hoc
1056 2529 1091 2568 eo
1104 2505 1215 2589 proba-

135 2615 223 2676 bilius
237 2615 287 2688 lit,
303 2614 403 2696 quod,
420 2626 452 2673 ut
475 2616 537 2697 ipse
551 2616 700 2696 profitetur
713 2613 774 2687 Vl,
791 2611 831 2690 4,
850 2616 884 2686 3,
899 2616 1012 2693 juvenis
1028 2614 1134 2674 libmm
1148 2615 1215 2673 sin·

135 2723 263 2804 gularem
278 2722 410 2782 deterre
424 2734 504 2802 motu
519 2721 621 2792 edidit.

175 2831 224 2890 Aa
237 2831 503 2912 omneslibri,quos
515 2830 1210 2910 bohemusmtportesmrsuatotranconstituoot,

136 2950 213 2998 certe
239 2940 412 2997 constituere
432 2938 543 3018 possint
559 2980 567 3008 ,
591 2937 647 2995 alia
672 2949 715 2996 est
739 2939 867 3017 quaestio.
895 2937 1071 3018 Argumenta
1095 2937 1214 3018 quidem

136 3065 235 3103 eorum
254 3045 305 3102 uni
325 3040 450 3123 quodam
469 3041 555 3102 modo
576 3045 674 3124 generi
699 3043 800 3122 subjici
822 3064 907 3124 posse
922 3043 1065 3103 videntur.
1092 3045 1130 3103 At
1154 3055 1213 3104 tam

135 3150 224 3210 multa
238 3149 343 3230 partim
361 3150 391 3207 in
406 3149 590 3229 questionem
608 3145 731 3207 deducta
752 3162 811 3209 tam
830 3163 898 3209 sunt
917 3152 1079 3231 promiscua
1095 3174 1111 3212 e
1126 3153 1215 3224 variis

134 3258 323 3338 questionum
338 3256 511 3339 generibus,
524 3269 553 3314 et
566 3267 625 3314 tam
639 3255 776 3334 disjecta,
790 3269 822 3315 ut
832 3279 891 3315 non
901 3260 996 3317 minus
1011 3269 1130 3340 propter
1144 3281 1214 3340 per-

135 3365 313 3423 turbatorum
325 3361 465 3422 librorum
475 3361 661 3443 qualitatem,
678 3383 800 3443 quorum
815 3363 863 3422 alii
876 3363 1071 3446 prelationem
1084 3363 1193 3425 babent
1201 3410 1213 3447 ,ι

135 3470 184 3528 olii
193 3490 262 3542 non,
273 3490 360 3550 quam
370 3480 487 3549 propter
494 3466 724 3549 imperfectorum
735 3471 934 3549 quantitatem,
944 3493 982 3529 an
992 3472 1061 3530 olim
1069 3493 1105 3530 ex
1114 3482 1212 3532 mente

133 3578 256 3637 auctoris
271 3577 437 3636 universum
458 3573 574 3657 aliquod
590 3575 790 3634 constituerint
808 3620 817 3649 ,
834 3600 893 3636 non
909 3579 1012 3656 injuria
1037 3577 1209 3660 ambigatur.

130 3683 216 3758 Quod
231 3684 349 3765 quidem
363 3683 446 3765 plura
464 3683 494 3741 in
516 3683 699 3762 questionem
719 3705 777 3741 non
793 3683 918 3742 admissa
942 3697 1026 3757 sunt,
1047 3684 1163 3744 videtur
1182 3698 1212 3745 et

133 3794 198 3866 hie,
214 3804 343 3873 utsupra
354 3803 509 3850 memorata
519 3790 704 3849 obscurorum
718 3791 870 3871 explicatio
885 3791 1029 3872 neglecta,
1047 3794 1078 3850 in
1089 3812 1212 3872 persona

132 3899 267 3960 doctioris
284 3898 385 3958 Lucilii
401 3898 493 3956 autin
508 3898 631 3957 auctoris
648 3898 765 3957 arbitrio
780 3920 894 3958 eausam
911 3900 1061 3967 invenire,
1077 3899 1132 3957 nisi
1144 3899 1213 3981 plu-

132 4027 178 4064 res
189 4007 360 4087 quaestiones
374 4018 423 4063 aut
436 4007 573 4085 temporis
586 4006 705 4082 injuria.
721 4017 769 4062 aut
780 4005 961 4065 librariorum
974 4007 1148 4088 negligentia
1163 4008 1213 4065 in·

130 4115 316 4175 tereidcruot.
328 4116 385 4174 t'ix
400 4116 457 4173 alio
473 4114 558 4174 modo
573 4115 677 4173 mirum
689 4127 773 4194 atque
789 4114 928 4195 grandem
944 4116 1053 4175 hiatum
1067 4116 1212 4196 explicare
