2640 4800
458 394 757 466 rumssmo.
1130 433 1149 498 7

61 545 179 604 matices
195 541 325 625 partibus
338 542 513 623 auxiliisque
524 541 561 601 ad
571 542 720 624 physicam
730 555 789 602 tam
801 545 933 604 salutaris
946 567 1033 627 quem
1045 569 1148 608 neces-

62 651 143 710 sariae
167 670 221 708 suo
242 650 407 730 quibusque
429 646 494 706 loeo
512 657 631 721 utatur,
660 661 694 708 ut
717 649 791 709 adeo
811 651 887 710 illius
908 651 1044 712 doctrine
1067 674 1150 713 usum

63 779 200 839 expresse
215 757 254 816 ab
275 777 365 838 opera
390 776 442 816 sua
465 756 608 838 sejungat.
633 753 789 817 Enimvero
811 757 866 816 boc
887 778 945 816 nou
964 758 1031 818 idco
1051 757 1152 820 secisse
1212 792 1215 808 ι

63 863 208 947 putandus
225 875 289 937 est,
306 861 385 944 quod
399 861 615 931 matbematiccs
624 875 850 945 contemptorem
861 884 893 923 sc
901 864 1064 945 praebuerit.
1078 864 1152 925 Num

63 972 163 1031 bacin
180 992 212 1031 rc
225 971 349 1053 magica
372 968 489 1029 Platone
506 990 593 1051 quam
608 988 624 1028 a
643 968 759 1029 Socrate
774 972 888 1031 stetisse
900 971 995 1053 palam
1017 983 1070 1030 cst.
1090 971 1152 1031 Sce-

62 1081 129 1160 pins
151 1090 248 1138 autem
271 1076 419 1160 egregiam
441 1076 521 1144 illam
536 1087 627 1135 artem
645 1075 745 1135 laudat
764 1075 1024 1157 commendatque,
1047 1099 1101 1137 nec
1116 1099 1151 1138 ea

62 1187 151 1244 vitam
160 1184 317 1244 humanam
329 1183 398 1243 satis
408 1183 483 1244 bene
491 1203 590 1242 carere
602 1202 707 1263 posse,
722 1183 828 1242 innuit.
842 1181 882 1242 Et
892 1183 1038 1264 quomodo
1048 1183 1150 1258 bomo,

62 1292 166 1372 quide
186 1292 387 1351 inventionum
409 1291 574 1373 artiumque
591 1302 736 1350 momento
753 1288 790 1348 ad
813 1291 901 1349 vitam
922 1289 1077 1350 humanam
1093 1304 1167 1352 tam„

62 1399 187 1458 disertis
201 1410 262 1471 est,
274 1398 306 1456 in
319 1396 374 1457 boc
389 1398 576 1480 ignorantie,
592 1397 662 1478 quin
676 1394 754 1456 ,adeo
768 1396 912 1456 barbarici
927 1399 1037 1458 crimen
1052 1400 1152 1458 incuri-

62 1526 129 1565 rere
152 1503 316 1586 pontimi
342 1502 400 1567 Sed
427 1504 524 1576 enim,
553 1504 577 1562 si
602 1523 689 1562 omne
717 1504 841 1561 auctoris
867 1504 1019 1564 consilium
1045 1503 1153 1565 atteirte

62 1612 187 1695 legendo
203 1612 368 1693 exsequaris
385 1625 471 1693 atquc
488 1610 639 1692 explores,
659 1610 744 1670 facile
758 1622 802 1670 est
819 1610 857 1670 ad
871 1610 1105 1693 intelligendum,
1120 1614 1150 1674 id

62 1718 202 1778 Senecam
216 1729 360 1799 spectasse
375 1761 383 1790 ,
399 1731 433 1778 nt
454 1718 567 1777 civibus
584 1718 663 1791 suis,
682 1716 763 1776 nullo
778 1728 1013 1800 argumentorum
1029 1718 1066 1776 ab
1090 1731 1150 1778 arte

62 1825 205 1907 quadam,
216 1826 333 1898 multis,
350 1826 439 1886 immo
452 1846 522 1885 vero
536 1824 691 1906 plurimis,
707 1824 820 1898 aliena,
837 1836 886 1885 aut
902 1822 1032 1884 doctrina
1043 1845 1151 1884 recon-

62 1934 160 1993 ditiori
174 1933 331 2014 petitorum
341 1931 475 2012 prasidio
484 1930 632 2004 adhibite,
645 1929 682 1990 de
689 1932 841 2004 meteoris,
855 1951 939 2004 aere,
950 1952 1040 2011 aqua,
1052 1942 1150 2004 vento,
1163 1991 1164 1994 ,

62 2051 144 2098 mne
154 2049 253 2112 motu,
271 2039 408 2110 cometis,
421 2049 476 2097 cte.
493 2037 654 2096 luculenter
670 2049 844 2118 exponeret,
860 2039 928 2098 etin
941 2036 1167 2118 prefationibus.

63 2145 159 2225 primo
172 2144 316 2224 tertioque
330 2142 411 2203 libris
427 2144 580 2224 premissis
594 2142 720 2224 pbysice
734 2144 900 2226 'gravitatem
913 2156 999 2224 atque
1010 2166 1151 2204 summam

65 2250 237 2333 dignitatem
250 2250 429 2330 explicaret,
445 2251 584 2309 immixtis
597 2251 705 2330 passim
722 2249 895 2331 quibusdam
909 2251 1097 2323 excursibus,
1114 2251 1151 2311 de

65 2358 245 2432 adulatione,
263 2360 362 2419 mortis
373 2369 543 2439 contemptu
554 2403 562 2432 ,
575 2369 630 2418 etc.
647 2359 798 2442 agentibus
808 2402 817 2432 ,
829 2371 916 2439 prout
929 2360 1040 2418 occasio
1049 2373 1151 2440 postu-

65 2464 175 2526 laretet
186 2487 284 2525 senem
298 2468 375 2529 cites
389 2486 456 2526 suos
470 2467 713 2548 castigatummet
723 2465 941 2525 emendaturum
954 2465 1057 2525 decere
1066 2467 1150 2526 vidc-

66 2586 154 2640 retur.
169 2568 237 2633 ¹Nee
257 2585 346 2633 totam
362 2572 487 2654 physicae
503 2572 662 2632 doctrinam
686 2571 931 2644 exhauriendam,
949 2571 1001 2631 aed
1023 2585 1149 2634 tantum-

66 2680 152 2739 modo
163 2681 333 2762 questiones
348 2681 509 2760 potissimas
521 2680 672 2740 solvendas
684 2680 739 2740 sibi
756 2680 912 2760 sumpsisse
925 2679 1070 2760 putandus
1086 2694 1150 2755 est,

67 2811 123 2868 quo
138 2789 359 2870 quamplurimis
370 2787 519 2870 prodesset
531 2833 539 2859 ,
553 2800 582 2847 et
599 2789 748 2870 praeceptis
763 2790 822 2848 suis
835 2787 911 2847 sacili
923 2790 1038 2870 negotio
1049 2790 1149 2850 utendi

68 2897 179 2976 copiam
201 2894 319 2956 faceret.
346 2896 411 2955 lloc
425 2909 522 2956 tamen
539 2918 597 2955 non
620 2908 789 2956 consecutus
812 2895 931 2969 fuisset,
948 2897 1003 2955 nisi
1021 2896 1150 2958 doctrina

69 3002 252 3063 reconditiori
268 3015 435 3085 segregata,
454 3025 620 3084 quanquam
637 3002 790 3062 nobishoc
808 3002 870 3082 ejus
890 3004 1040 3065 consilium
1055 3008 1163 3065 minus.

69 3108 226 3185 jucundrnn
241 3109 337 3168 fuerit.

109 3214 143 3273 ln
157 3237 216 3296 quo
232 3228 348 3275 strenue
365 3215 551 3296 exsequendo
565 3214 644 3274 buud
657 3229 764 3296 paucos
778 3238 837 3274 suae
852 3229 930 3276 certe
946 3230 1028 3276 sectas
1047 3231 1147 3277 aucto-

70 3343 113 3381 res
128 3323 271 3381 imitatum
286 3343 348 3381 esse
368 3335 465 3403 patet,
484 3344 556 3402 quos
571 3322 715 3402 sapienter
735 3322 853 3403 quidem
867 3323 897 3381 in
913 3323 966 3382 bac
982 3345 1035 3396 re,
1060 3347 1145 3405 quam

71 3429 267 3501 Aristotelem,
284 3429 334 3509 qui
349 3430 380 3487 in
395 3429 521 3510 physicis
535 3429 594 3488 suis
608 3430 837 3503 commentariis,
854 3442 882 3489 et
897 3431 927 3490 in
946 3431 1015 3510 ipsis
1033 3446 1147 3492 meteo-

71 3536 218 3619 rologieun
234 3535 336 3607 libris,
353 3535 554 3620 mathematica
565 3549 731 3618 argumenta
745 3558 803 3594 non
820 3549 987 3616 aspernatus
997 3549 1054 3609 est,
1066 3542 1164 3619 sequi.

72 3645 178 3703 maluit.
194 3643 275 3718 Quid
289 3644 366 3702 enim
381 3644 491 3703 civibus
507 3645 586 3716 suis,
606 3644 709 3724 quibus
723 3645 903 3724 potissimum
917 3645 969 3703 bas
980 3648 1148 3726 questiones
1161 3696 1164 3701 Δ

71 3752 244 3833 composuit,
259 3773 276 3809 a
287 3752 462 3810 severiorum
477 3751 693 3832 disciplinarum
706 3753 816 3810 ratione
826 3753 997 3832 plerumque
1010 3775 1068 3813 non
1081 3756 1148 3814 satis
1166 3793 1168 3796 ·

72 3859 233 3934 instmctis,
249 3856 424 3939 proluisset,
441 3858 464 3916 si
479 3858 696 3938 probationibus
711 3858 780 3919 inde
789 3862 941 3941 assumptis
955 3861 1078 3943 ideoque
1091 3885 1149 3943 po-
1164 3909 1167 3914 .
1242 3913 1243 3916 ,

73 3966 241 4045 pnlaritate,
258 3988 315 4048 qua
330 3966 450 4026 lectores
464 3988 516 4025 suo
530 3967 605 4025 libro
618 3967 803 4040 conciliaret,
820 3968 971 4052 neglecta,
991 3970 1165 4029 doctiorem

72 4073 206 4154 quidem,
239 4074 291 4134 sed
318 4097 376 4134 non
402 4075 544 4134 utiliorem
575 4096 605 4135 se
632 4076 800 4157 praebuisset
823 4079 1051 4159 praeceptorem?
1074 4079 1148 4136 Nam

73 4179 214 4242 Romnum
225 4227 237 4257 ,
250 4184 273 4241 si
289 4205 394 4264 paucos
409 4184 576 4264 exceperis,
594 4184 694 4245 studiis
710 4185 916 4248 mathematicis
931 4208 1032 4266 parum
1054 4208 1170 4266 opere.-
