2640 4800
448 326 817 419 nrspursr‘rro.
1131 340 1175 430 39

87 469 211 552 gentio,
222 466 247 524 si
258 447 316 547 qua
326 467 440 542 omisit,
453 479 487 529 nt
497 469 534 528 de
547 467 661 544 fluviis,
674 481 705 530 et
715 470 751 530 de
763 471 870 553 quibus
890 471 950 532 sere
966 473 1037 533 nibil
1048 478 1181 556 generale

87 574 184 634 docet.
203 572 299 655 Atque
320 571 388 634 bine
408 596 525 659 quoque
547 575 631 636 facile
653 572 761 636 lactum
783 598 845 637 esse
859 580 974 658 potuit,
991 592 1023 639 ut
1044 583 1180 641 naturalis

88 679 253 763 rationique
263 693 475 744 consentaneus
488 680 560 742 ordo
573 659 786 764 perverteretur
797 696 826 742 et
837 683 1059 744 disturbaretur.
1077 683 1182 745 Enim-

90 808 160 849 vero
172 808 233 847 non
252 798 363 848 temere
383 800 524 871 congesta
546 784 604 848 diei
627 788 795 863 debebunt,
811 803 844 849 nt
856 789 1072 872 Theophylaeti
1087 792 1183 853 Simo·

91 904 172 955 eattae
189 893 361 976 quastioms
383 895 536 978 physieae,
564 918 628 979 quae
653 895 755 985 ordine¹
779 917 883 979 pamm
906 900 1090 978 systematieo
1115 919 1183 965 sunt
1240 926 1242 930 ⁴

91 1012 252 1076 contexte,
276 1013 327 1061 aut
348 1015 382 1062 nt
401 1001 548 1063 Plutarchi
568 1005 742 1086 quaestiones
764 1004 930 1076 naturales,
955 1017 1004 1064 aut
1027 1006 1186 1066 Aristotelis

91 1107 292 1190 problemata,
309 1129 433 1190 quorum
447 1111 582 1193 quamvis
603 1110 718 1181 affinio,
741 1131 863 1191 quoque
877 1109 1006 1189 ejusdem
1022 1126 1071 1172 aut
1086 1114 1187 1173 similis

91 1216 256 1300 argumenti
270 1226 356 1291 sunt,
375 1217 528 1296 conjuncta
543 1218 746 1296 reperiuntur,
771 1216 885 1300 singula
905 1229 1001 1277 tamen
1024 1219 1185 1301 interrupto

91 1344 226 1383 sermone
240 1324 279 1383 ita
294 1334 508 1404 proponuntur,
526 1334 558 1381 ut
570 1321 722 1403 praemissa
737 1334 874 1403 tanquam
890 1322 1016 1383 themate
1034 1328 1182 1408 quaestioni

92 1429 296 1510 responsiones
310 1428 430 1510 singulae
444 1427 647 1508 subjiciantur.
661 1428 755 1488 Aliter
766 1450 797 1487 se
812 1427 898 1516 babet
914 1452 960 1489 res
971 1431 1000 1489 in
1016 1430 1059 1490 his
1071 1432 1185 1493 Seneca}

92 1533 273 1595 naturalibus
295 1534 523 1615 quaestionibus,
548 1555 611 1617 que
626 1556 686 1594 non
702 1535 795 1594 solum
812 1536 949 1595 continuo
964 1535 1024 1598 sere
1046 1543 1184 1600 sermonis

92 1654 196 1702 tenore
206 1642 422 1715 continuantur,
439 1640 491 1701 sed
501 1651 580 1700 certo
594 1659 711 1722 quoque
722 1651 751 1699 et
764 1639 841 1698 bono
858 1639 960 1699 ordine
973 1654 1040 1700 sunt
1052 1643 1179 1725 digestae.

93 1748 141 1806 Ab
163 1744 217 1806 bae
233 1759 315 1828 parte
332 1747 407 1806 liber
421 1747 556 1827 primns,
581 1747 699 1826 quintus
723 1757 753 1805 et
768 1755 866 1804 sextus
886 1747 1006 1828 reliquis
1027 1762 1182 1828 praestant,

93 1873 203 1933 eosque
217 1873 284 1911 eum
300 1874 369 1912 eura
385 1851 538 1933 dispositos
553 1873 617 1912 esse
634 1852 777 1911 intentum
794 1851 930 1912 lectorem
946 1876 1004 1912 non
1017 1856 1182 1934 praeteribit.

92 1959 151 2037 Sed
172 1960 250 2019 idem
272 1956 481 2019 animadvertet
505 1958 642 2019 idoneum
671 1960 923 2040 necessariumque
948 1975 1182 2044 argumentorum

93 2087 205 2127 nexum
220 2085 295 2146 sape
309 2064 410 2126 deesse
425 2065 456 2123 in
473 2064 594 2147 singulis
608 2108 617 2139 ,
632 2076 665 2122 nt
680 2063 733 2138 11,
755 2060 792 2146 47
811 2085 855 2145 sq.
874 2085 937 2146 quae
958 2067 1039 2146 quasi
1052 2067 1186 2129 addenda

95 2172 227 2253 praebent
241 2169 446 2252 quaestionibus
462 2171 595 2251 superius
611 2169 764 2244 absolutis,
778 2182 864 2251 eaput
883 2168 920 2230 15
932 2173 1008 2230 tertii
1026 2173 1092 2233 libri
1104 2177 1185 2256 prio-

96 2301 158 2338 rem
174 2277 271 2337 loeum
296 2275 405 2335 babere
422 2275 578 2346 debuisse,
608 2286 636 2334 et
663 2277 898 2355 opportuniorem
923 2276 1041 2357 quidem
1057 2292 1122 2360 post
1137 2302 1186 2339 ca·

97 2395 151 2464 put
177 2403 235 2468 193
262 2383 348 2442 etiam
375 2383 445 2440 item
468 2379 630 2440 Aristotelis
656 2382 828 2440 sententiam
854 2381 891 2440 de
914 2395 1089 2444 cometarum
1106 2398 1186 2446 moto

99 2489 240 2570 aptiorem
262 2487 357 2548 locum
371 2486 535 2547 babituram
550 2483 639 2544 fuisse
661 2497 729 2543 ante
743 2498 888 2545 enarratas
904 2482 1043 2569 Epigonis
1068 2490 1187 2570 Apollo·

99 2591 198 2670 niique
210 2586 327 2669 Myndii
341 2587 432 2646 multo
444 2587 592 2666 juniorum
604 2587 777 2658 sententias,
790 2598 917 2644 nutante
932 2585 1056 2647 Zenonis
1068 2604 1188 2651 senten-

100 2699 168 2756 tiam
185 2719 212 2755 e.
241 2715 288 2779 19.
316 2693 473 2754 Enimvero
495 2693 581 2753 etiarn
602 2689 716 2751 bilibri
742 2692 845 2752 ordine
869 2705 899 2751 et
921 2692 1107 2774 dispositione
1128 2721 1195 2757 non·

101 2817 208 2864 carent.
225 2801 319 2879 Quam
341 2801 470 2881 sequitur
493 2800 623 2870 Seneca,
647 2820 681 2857 ea
699 2798 759 2859 sere
775 2812 837 2872 est,
857 2811 956 2872 utre,
973 2822 1060 2881 quam
1075 2813 1186 2863 tracta-

101 2923 181 2970 turus
196 2923 259 2985 est,
276 2909 403 2968 breviter
414 2907 557 2989 explicata
567 2907 723 2966 sententias
736 2907 856 2965 aliorum
870 2905 971 2966 ordine
985 2908 1186 2994 chronologico

102 3040 158 3077 una
173 3039 240 3077 eum
252 3017 311 3075 suis
325 3013 544 3074 refutationibus
556 3024 659 3072 tractet
672 3055 680 3086 ,
693 3034 815 3094 quarum
831 3035 934 3095 agmen
947 3015 1107 3076 Stoicorum
1122 3021 1188 3100 opi-

103 3126 201 3183 niones
216 3123 277 3183 fere
290 3143 393 3204 eogere
408 3122 516 3194 solent,
533 3120 639 3202 quibus
653 3120 776 3180 subinde
791 3141 856 3180 suas
873 3120 1012 3183 adnectit.
1034 3122 1108 3184 Eum
1124 3139 1185 3186 arte

102 3230 175 3289 bene
191 3228 363 3310 disponendi
386 3249 444 3285 non
467 3225 555 3286 luisse
577 3225 761 3299 destitutum,
784 3228 878 3308 arguit
896 3228 985 3299 ratio,
1011 3251 1067 3309 qua
1093 3233 1184 3291 totum
1280 3310 1282 3315 Ι

102 3336 275 3396 naturalium
290 3336 480 3417 quaestionum
502 3354 593 3416 genus
611 3332 690 3414 praef.
710 3332 759 3403 ll,
782 3354 812 3404 1,
831 3354 869 3404 2,
893 3332 1016 3409 dividit,
1036 3358 1097 3416 qnae
1115 3360 1184 3399 sane

103 3443 176 3504 bona
191 3456 256 3517 est,
273 3455 302 3502 et
314 3444 364 3502 vix
380 3442 481 3502 melior
495 3453 590 3522 potest
605 3461 687 3514 esse,
705 3440 759 3498 nisi
777 3441 842 3520 quis
858 3442 884 3500 ei
902 3461 964 3500 esse
978 3443 1084 3522 probro
1099 3444 1185 3506 ducat

104 3551 263 3635 improbam
289 3549 467 3632 diligentiam
495 3560 523 3607 et
548 3551 721 3624 κακοζηλία-ι,
750 3568 806 3627 qua
831 3548 969 3607 ambitum
985 3549 1051 3608 Nat.
1075 3551 1181 3626 Quaest.

103 3679 193 3738 usqne
207 3656 245 3717 ad
256 3669 316 3715 sata
331 3668 360 3715 et
373 3656 509 3728 arbusta,
522 3676 584 3735 quae
598 3667 665 3713 sunt
675 3655 717 3713 rei
733 3655 843 3712 rustieae
856 3667 885 3713 et
895 3656 1004 3727 civilis,
1017 3657 1106 3716 nimio
1120 3682 1186 3719 am-

103 3765 253 3845 pliaverit,
269 3786 332 3845 qrrae
348 3765 464 3845 proprie
480 3775 529 3821 aut
545 3783 602 3819 non
619 3774 676 3819 tam
691 3761 748 3820 late
761 3773 894 3841 pateant,
911 3774 961 3821 aut
979 3762 1049 3820 alias
1065 3785 1110 3822 res
1129 3788 1186 3824 na-

104 3873 226 3947 turales,
239 3885 272 3932 ut
281 3871 416 3932 animalia
428 3884 456 3930 et
465 3870 577 3952 lapides
588 3913 595 3945 ,
608 3892 666 3928 non
679 3867 803 3927 debeant
811 3869 983 3942 excludere,
997 3871 1049 3930 etsi
1064 3867 1185 3930 mobiles

105 3982 169 4039 sint.
188 3981 287 4059 Hujus
308 3952 476 4062 argumento
496 3979 564 4037 item
580 3998 643 4036 esse
664 3987 758 4057 potest
773 3998 911 4056 aquarum
935 3974 1096 4035 distributio
1112 3975 1185 4036 laeta

106 4087 169 4164 ΙΙΙ,
189 4109 228 4164 2,
246 4088 296 4147 ubi
311 4111 339 4147 v.
358 4099 474 4160 notam,
492 4107 585 4167 neque
601 4083 679 4157 seio,
697 4081 767 4162 quid
783 4083 878 4165 magni
900 4084 964 4164 quis
981 4085 1011 4141 in
1029 4082 1187 4164 digerendo
