2640 4800
441 319 799 413 nrsoursrrro.
1113 330 1157 416 43

77 464 249 527 aristotelica
259 466 438 548 comparanti
453 464 638 526 manifestum
651 466 721 546 fiet,
739 488 862 549 quorum
875 490 910 529 ca
924 471 1067 531 interdum
1082 476 1162 534 omi-

76 574 146 634 sisse
161 571 288 647 videtur,
303 573 335 632 in
348 573 454 655 quibus
464 571 551 633 cardo
562 573 603 633 rei
613 573 778 634 vertebatur
791 573 830 634 cl.
845 574 930 650 adl,
947 577 983 650 3,
1004 598 1014 637 1
1032 620 1040 651 ,
1057 591 1155 650 et123

80 701 137 762 17,
155 701 166 740 r
184 702 193 751 ;
209 679 265 754 lv,
281 679 319 752 3,
339 675 379 750 55
404 678 466 752 vl,
484 678 521 753 3,
547 698 574 738 t.
601 678 704 762 Neque
727 702 744 739 a
768 678 977 742 mathematicis
1000 685 1159 744 rationibus

73 789 144 847 satis
167 786 293 848 saluisse
314 784 447 857 videtur,
469 783 562 866 quod,
586 806 650 868 quae
666 786 761 867 optica
776 784 864 848 habet
878 787 915 848 de
929 789 1075 870 speculis,
1099 814 1158 850 non

74 890 314 966 satisfacientia,
334 891 527 973 probaverint
549 889 619 966 Quae
633 891 696 972 ipse
709 892 746 953 de
761 912 813 953 suo
831 893 959 975 profert,
980 895 1018 956 ad
1035 897 1159 957 conrel-

75 998 176 1060 lcndas
192 999 315 1060 aliorum
331 998 487 1058 sententias
502 995 634 1072 lactura,
652 1019 711 1058 non
726 998 844 1082 quidem
861 998 963 1060 hausta
979 1022 1041 1062 esse
1055 1001 1161 1062 viden·

74 1119 123 1166 tur
147 1107 266 1167 eximo
291 1101 370 1166 fonte
388 1103 491 1165 harum
509 1104 691 1180 litterarum,
718 1088 748 1165 at
769 1126 844 1188 saepe
876 1119 934 1167 tarn
958 1109 1108 1191 ingeniose
1130 1122 1160 1170 et

75 1225 160 1273 acute
175 1212 417 1294 excogitatarum
432 1253 441 1285 ,
457 1222 491 1271 ut
506 1210 589 1271 facile
601 1212 637 1270 iis
651 1213 849 1273 assentiamur.
867 1211 987 1274 Factum
1001 1227 1099 1275 tamen
1117 1217 1155 1276 sit

74 1340 304 1402 nonnunquam,
319 1308 353 1379 iat
366 1319 521 1379 sententias
536 1338 658 1391 eorum,
674 1339 746 1400 quos
761 1317 887 1394 refellit,
906 1318 985 1381 haud
997 1324 1160 1404 perceperit

74 1425 194 1485 etmale
206 1423 377 1504 judicaverit
390 1421 445 1506 (cl.
462 1435 560 1483 notam
576 1422 615 1483 ad
633 1421 701 1496 ΙΙΙ,
722 1444 779 1496 ro,
796 1444 837 1494 23
859 1444 912 1498 ra,
932 1446 967 1497 1;
989 1424 1047 1500 16,
1067 1428 1154 1499 nv,
1245 1478 1248 1487 .

78 1551 118 1603 a,
138 1528 192 1612 t.)
212 1528 275 1589 Imo
296 1529 359 1610 ipse
381 1528 556 1610 quandoque
578 1527 651 1588 adeo
673 1529 798 1588 incertus
815 1530 845 1587 in
859 1528 946 1590 robus
964 1532 1080 1591 incertis
1099 1532 1160 1592 flu-

73 1648 175 1709 ctuat,
195 1647 229 1696 ut
245 1655 344 1695 secum
365 1635 428 1716 ipsc
449 1634 587 1695 dissideat
604 1633 718 1715 sibique
738 1633 786 1694 liat
807 1637 977 1696 contrarius.
997 1637 1069 1697 Tale
1086 1638 1159 1719 quid

72 1755 206 1804 notatum
219 1743 250 1802 in
264 1739 401 1815 lihroll,
417 1738 475 1825 57,
492 1759 532 1813 a,
550 1738 673 1813 etun,
696 1760 752 1813 ra,
770 1760 796 1800 1.
818 1739 876 1802 Sed
891 1743 956 1824 quis
973 1740 1059 1802 homo
1074 1755 1158 1805 natus

74 1847 196 1910 humaui
213 1845 286 1909 nihil
301 1845 441 1928 putatur?

116 1955 186 2017 nm
209 1956 378 2038 neutiquam
403 1952 576 2015 detrahunto
595 1953 634 2014 de
658 1956 821 2035 prestantia
844 1955 931 2035 hujus
952 1957 1041 2031 libri,
1070 1978 1159 2039 quem

72 2062 195 2121 unicum
215 2063 261 2121 sui
278 2061 393 2144 generis
415 2059 611 2142 appellarem
635 2079 732 2142 neque
754 2061 832 2120 enim
849 2061 941 2121 ullum
957 2063 988 2121 in
1007 2074 1066 2122 tota
1081 2065 1159 2123 anti-

74 2168 176 2249 quaria
193 2164 392 2250 suppellectile
405 2167 492 2241 novi,
510 2165 561 2248 qui
583 2165 645 2245 ejus
659 2186 785 2248 compar,
797 2187 860 2226 csse
875 2168 974 2249 possit.
988 2167 1058 2244 Quae
1080 2170 1157 2229 enim

75 2273 155 2357 apud
162 2274 289 2337 Plinium
299 2287 349 2335 aut
361 2274 487 2336 breviter
500 2272 590 2333 relata
607 2284 656 2332 aut
670 2271 808 2354 dissipata
821 2272 974 2349 habentur,
989 2275 1155 2357 amplificat,

74 2382 227 2466 conjungit
238 2396 267 2443 et
286 2381 442 2462 dijudicat,
459 2380 551 2441 multo
564 2379 649 2462 plura
661 2380 860 2461 complectitur
869 2403 956 2463 quarn
967 2381 1156 2458 Plutarchus,

74 2487 189 2548 facilius
203 2488 416 2570 jucundiusque
431 2498 528 2547 narrat
540 2506 627 2568 quam
639 2485 816 2548 Aristotcles.
834 2486 980 2569 Imprimis
995 2489 1024 2549 ei
1042 2487 1157 2549 deben-

74 2606 124 2654 tur
142 2595 260 2677 gratiu,
277 2593 356 2676 quod
380 2592 462 2652 nohis
481 2603 523 2652 tot
538 2592 692 2651 sententias
715 2594 899 2674 antiquorum
919 2593 1154 2675 philosophorum

74 2713 126 2761 aut
138 2701 288 2761 hominum
300 2701 495 2770 conservavit;
511 2720 602 2781 quas,
619 2698 727 2780 absque
743 2713 887 2775 coesset,
904 2714 954 2761 aut
969 2703 1086 2762 omnino
1096 2725 1155 2762 non

75 2830 243 2883 nossemus,
259 2820 308 2868 aut
326 2807 496 2867 haberemus
510 2827 569 2864 uon
583 2816 643 2865 tana
657 2805 757 2886 plenas
771 2817 799 2865 ot
811 2807 911 2866 claras.
926 2807 1029 2888 Neque
1043 2809 1154 2890 ingrato

75 2916 173 2974 animo
197 2913 319 2997 legenda
342 2925 408 2974 sunt
432 2924 474 2972 tot
496 2911 553 2970 alia
574 2912 769 2972 memorabilia
790 2911 998 2994 geographica,
1011 2913 1153 2975 historica

74 3031 126 3077 aut
138 3020 258 3079 aliorum
274 3041 411 3103 generum
428 3041 491 3102 quac
506 3019 610 3100 partim
624 3031 734 3078 nostras
751 3018 883 3078 scientias
898 3023 1064 3102 perficient,
1079 3046 1153 3104 par-

76 3127 129 3187 tim
143 3128 265 3187 multum
278 3127 314 3188 ad
326 3126 385 3188 haee
399 3127 447 3187 vel
461 3126 510 3185 illa
525 3127 588 3186 loca
602 3139 731 3189 veterum
746 3126 913 3189 illustranda
931 3130 1089 3190 conferent.
